2920 4770
213 377 236 440 6
657 387 866 437 sacrario.

211 533 316 610 ribuS,
346 537 381 596 et
400 529 574 616 splendore
594 529 695 614 quasi
723 530 865 595 nominis
888 527 1134 594 Broulrhosiani
1163 526 1307 592 omnium

212 633 301 698 oculi
324 633 650 718 praestringerentur3
672 650 861 716 quanquam
875 633 947 715 jam
964 637 1039 695 aute
1062 628 1310 699 Broukbusinm

185 733 388 799 .Gabbema
401 753 533 818 quoque
557 726 806 815 Scaligeranunr
828 734 976 798 ordinem
1000 732 1192 816 adoptarat,
1215 731 1312 814 cujus

211 837 297 900 forte
312 833 508 898 auctoritate
528 851 604 896 sese
618 833 743 898 munire
763 853 803 898 ac
820 832 996 897 defendere
1011 833 1120 916 potuit
1137 831 1313 897 Broukbu·

214 937 294 1002 sius.
338 934 529 1017 Utcumque
550 933 607 1012 sit,
629 935 717 998 iilius
732 935 781 998 rei
804 934 906 1016 culpa
927 933 1070 997 maxime
1090 931 1315 996 transferenda

213 1037 345 1102 videtur
359 1036 393 1099 iu
408 1034 629 1116 scaligerum,
642 1036 769 1118 qnippe
784 1054 881 1118 aquo
894 1034 1022 1100 foedum
1031 1034 1114 1098 illud
1129 1039 1161 1100 et
1169 1034 1313 1116 capitale

215 1135 389 1201 dissidium
398 1135 592 1211 editionum,
601 1135 905 1219 tanquamaprimo
914 1134 1206 1212 tontederivatum‚
1215 1133 1315 1200 fluxit

216 1238 316 1302 etiam
335 1237 368 1300 in
383 1243 513 1300 ceteras
536 1235 611 1300 edd.
626 1244 748 1319 praeter
765 1237 837 1319 Jam
850 1237 1047 1312 nominatas,
1062 1235 1315 1317 Gottingensem

216 1339 312 1402 1742.
337 1345 373 1401 et
389 1338 578 1401 Parisinam
594 1339 671 1402 anni
683 1337 780 1402 1743.
798 1345 837 1402 ut
856 1357 901 1401 ex
919 1356 961 1401 eo
977 1336 1054 1401 iude
1073 1342 1221 1419 tempore
1237 1337 1314 1402 duae

217 1440 314 1521 quasi
337 1435 473 1504 familiae
498 1440 679 1504 editionum
701 1439 946 1520 constituenda
969 1440 1153 1514 videantur,
1178 1457 1317 1521 quarum

217 1539 296 1604 aliae
307 1541 461 1605 codicum
473 1549 608 1605 servant
616 1541 778 1619 ordinem,
790 1542 867 1607 aliae
876 1541 1156 1624 transpositiones
1166 1538 1317 1618 Scalige-

217 1661 317 1704 ranas
332 1648 523 1724 sequuntur.
556 1639 708 1706 Ceterum
720 1661 818 1706 nemo
833 1661 899 1706 non
917 1642 1018 1725 paulo
1027 1641 1141 1705 sanior
1156 1647 1191 1704 et
1200 1639 1315 1704 mode-

218 1742 321 1807 ratior
341 1743 488 1806 Criticus
506 1742 694 1807 subscribet
713 1763 846 1826 quoque
868 1743 1028 1808 Salmasii
1046 1742 1230 1825 judiciuin
1247 1739 1317 1806 Ob·

219 1851 357 1908 servata.
374 1842 416 1906 ad
434 1842 493 1925 jus
508 1841 613 1907 Attio.
632 1862 665 1925 p.
681 1843 756 1908 tue.
772 1843 820 1908 ita
835 1845 1030 1908 scribentis:
1053 1843 1170 1907 ‘Nihil
1185 1850 1318 1906 mutan·

220 1946 299 2009 dum
329 1949 381 2008 est
409 1945 445 2007 in
474 1945 612 2028 scriptis
642 1953 828 2022 auctorum,
854 1965 916 2010 nec
943 1944 1223 2029 transponendum
1245 1945 1319 2007 sine

219 2065 341 2124 magna
355 2065 472 2124 cause,
486 2047 657 2132 praecipue
668 2048 698 2110 si
713 2051 862 2112 vetorum
880 2047 1039 2111 librorum
1055 2046 1239 2111 auctoritas
1253 2065 1320 2109 uon

221 2146 423 2228 suffragetur.
466 2148 550 2212 Vidi
565 2149 688 2214 multas
706 2131 907 2214 criticorum
922 2168 1021 2233 pares
1036 2147 1320 2231 transpositiones

168 2317 173 2332 ,
219 2246 254 2308 in
284 2248 360 2312 aliis
388 2250 583 2314 auctoribus
612 2249 763 2315 similiter
800 2250 1048 2328 hariolantium,
1082 2269 1169 2333 quos
1202 2265 1320 2312 omnes

221 2347 328 2412 falsos
343 2369 420 2414 esse
435 2351 515 2414 mihi
530 2353 674 2428 constat,
690 2352 724 2414 in
740 2349 897 2428 Horatio,
912 2351 947 2414 in
962 2349 1116 2425 Manilio,
1127 2348 1162 2412 in
1176 2348 1320 2431 Proper·

221 2449 280 2524 tio,
294 2459 329 2513 et
349 2450 445 2516 aliis!
490 2450 530 2514 In
552 2451 605 2528 iis,
627 2452 687 2534 qui
708 2451 752 2514 de
767 2450 944 2533 Propertio
961 2448 1102 2533 ejusque
1116 2449 1320 2513 carminibus

223 2549 306 2614 bene
321 2552 431 2616 meriti
444 2561 532 2632 sunt,
551 2551 626 2635 jam
641 2552 836 2616 nominandi
849 2553 986 2616 veniunt
1001 2551 1142 2627 Dousae,
1159 2550 1322 2632 imprimis

224 2649 353 2715 Filius:
381 2672 490 2735 neque
513 2661 624 2717 tannen
645 2653 700 2717 hic
728 2654 845 2718 multis
867 2653 1050 2716 instructus
1076 2651 1251 2716 codicibus
1278 2651 1321 2716 ad

222 2751 310 2816 hunc
327 2757 403 2818 se‘se
418 2754 567 2819 laborem
591 2754 750 2830 accinxit,
772 2755 863 2818 sicut
884 2755 958 2836 ipse
973 2752 1098 2820 latetur
1112 2753 1146 2815 in
1163 2751 1263 2816 Praei.
1279 2753 1323 2816 ad

224 2851 375 2935 Gonject.
391 2860 424 2918 et
439 2854 539 2920 Nott.
557 2855 591 2917 in
614 2853 689 2920 Cat.
717 2854 794 2918 Tib.
819 2852 1049 2936 Propertium:
1086 2853 1149 2941 ‘in
1171 2854 1324 2918 rimanda

224 2954 494 3038 explicandaque
510 2955 684 3031 sententia,
699 2973 800 3038 quam
820 2955 1054 3039 conquirendis
1069 2954 1170 3018 variis
1184 2959 1216 3018 et
1229 2973 1322 3038 saepe

224 3057 321 3121 ranis
337 3056 431 3121 lectt.
447 3057 637 3140 diligentior
650 3057 712 3134 fui,
727 3057 856 3122 nulium
870 3057 940 3121 fere
954 3058 1067 3121 locum
1081 3055 1146 3118 nisi
1163 3055 1237 3118 vitii
1253 3074 1323 3121 ma-

223 3156 386 3221 nifestum
402 3158 570 3222 solicitata
586 3177 702 3234 ausus,
717 3159 902 3241 praesertim
915 3158 945 3220 si
961 3156 1084 3222 veteris
1098 3154 1227 3220 codicis
1243 3175 1324 3221 auc·

224 3258 341 3323 toritas
356 3258 516 3341 praetendi
530 3279 596 3322 non
611 3265 756 3342 poterat,
770 3263 992 3343 utnusquam
1005 3257 1094 3336 fere;
1108 3258 1175 3321 nisi
1189 3258 1274 3322 sorte
1290 3259 1325 3321 in

224 3357 402 3443 Propertio
415 3361 501 3439 solo,
523 3363 639 3445 inquo
660 3361 703 3426 ad
719 3381 839 3426 manus
852 3361 956 3426 habui
971 3359 1147 3424 nonnullas
1163 3359 1325 3424 variantis

224 3461 400 3544 scripturae
414 3463 611 3528 collationes
632 3463 792 3547 ascripto
808 3461 994 3543 exemplari
1004 3459 1078 3543 jam
1090 3459 1170 3524 olim
1186 3463 1326 3543 exnerp·

225 3568 278 3628 tas
294 3583 316 3628 a
328 3564 519 3629 clarissimo·
529 3565 650 3629 Modio
662 3569 697 3628 et
709 3562 751 3626 ad
765 3563 900 3626 Patrem
915 3562 1035 3625 missas
1045 3569 1060 3623 ε’
1077 3559 1200 3642 quibus
1215 3567 1327 3625 tumen
1426 3631 1432 3644 ,

225 3666 335 3730 minus
350 3669 443 3750 saepe
457 3685 541 3730 usus
556 3686 641 3742 sum,
666 3685 729 3730 nec
744 3665 812 3729 nisi
833 3664 891 3728 ubi
905 3663 1073 3728 sententia
1098 3661 1131 3725 id
1155 3662 1326 3744 postulare

226 3774 329 3852 atque
354 3768 457 3834 etiam
479 3767 663 3850 efflagitare
692 3765 891 3832 videbatur?
936 3763 1055 3830 Nihilo
1077 3771 1188 3826 tamen
1214 3764 1327 3828 secius

226 3870 338 3950 negari
352 3870 478 3952 nequit,
492 3869 579 3934 banc
595 3870 773 3935 editionem
788 3887 905 3934 omnes
920 3865 1166 3938 antecedentes,
1190 3881 1327 3928 accura-

226 3969 314 4033 tione
336 3971 371 4032 in
385 3971 597 4035 emendandis
612 3973 758 4036 maxime
772 3971 865 4036 vitiis
880 3968 1098 4042 librariorum,
1121 3966 1223 4045 longo
1248 3971 1329 4048 post

228 4090 266 4134 se
282 4071 393 4154 spatio
408 4071 597 4155 reliquisse.
642 4072 835 4148 Proximus
857 4073 914 4155 qui
941 4067 1116 4151 Propertio
1138 4086 1206 4130 non
1220 4068 1328 4148 prole-

227 4171 347 4237 turiam
356 4173 493 4236 navavit
501 4192 649 4254 operam,
658 4171 774 4236 estJo.
786 4172 969 4246 Livineius,
987 4168 1190 4242 (lundensis,
1200 4167 1330 4232 Laevini
