2920 4770
481 1001 863 1080 EXCERPTA

158 1275 200 1362 n
227 1275 284 1365 n.
305 1277 373 1370 o.
401 1277 693 1368 ssnnrfflr
726 1279 1195 1371 anrnrroun

112 1807 162 1898 J
163 1854 217 1901 arr
232 1837 268 1901 in
282 1856 400 1920 genere
416 1836 551 1920 quidem
564 1836 630 1902 boc
654 1838 856 1903 monendum
869 1838 1012 1919 videtur,
1027 1859 1145 1906 omnes
1155 1860 1223 1906 om·

129 1938 206 2002 nino
228 1938 326 2003 codd.
350 1933 588 2020 Propertianos
613 1937 819 2004 doctissimis
839 1937 945 2018 Viris,
963 1947 997 2005 et
1020 1943 1054 2005 in
1076 1943 1128 2006 bis
1148 1942 1223 2008 Jos.

130 2039 311 2122 Scaligero,
325 2039 501 2122 castigati.
521 2038 555 2101 in
571 2033 724 2121 Propert.
739 2045 839 2123 atque
859 2040 882 2104 J
884 2043 984 2105 oanni
999 2040 1138 2107 Alberto
1157 2045 1223 2109 Fa·

130 2141 249 2219 bricio,
265 2141 427 2206 Bibliotb.
451 2139 524 2202 Lat.
544 2145 566 2204 t.
580 2155 604 2203 1.
626 2159 662 2222 p.
676 2139 752 2204 435.
773 2140 828 2205 ed.
844 2139 970 2206 Ernest.
986 2141 1089 2231 videri
1103 2144 1145 2207 ab
1160 2164 1223 2209 uno

131 2243 186 2306 illo
210 2243 351 2307 fluxisse
372 2239 499 2316 codice,
521 2242 580 2323 qui
601 2239 737 2306 Joviani
760 2242 908 2308 Pontcui
929 2244 1147 2326 temporibus,
1171 2263 1224 2308 se·

131 2344 275 2408 cundum
299 2341 526 2407 Alexandrum
545 2342 588 2405 ab
602 2339 798 2407 Alexandro
814 2359 857 2408 rr.
880 2343 1012 2408 Genial.
1028 2343 1121 2409 Dier.
1136 2343 1166 2409 2.
1191 2344 1223 2410 in

131 2445 213 2511 cella
227 2445 372 2529 quadam
388 2443 518 2508 vinaria
531 2442 593 2505 sub
609 2441 708 2506 doliis
723 2443 881 2508 inventus
895 2442 1012 2508 inerit:
1035 2444 1123 2528 quod
1137 2463 1223 2529 opus

131 2566 205 2611 cum
230 2548 334 2628 longo
358 2544 426 2608 situ
450 2563 489 2608 ac
511 2545 606 2607 senio
629 2545 820 2609 absumtum
840 2545 969 2622 inisset,
991 2545 1155 2622 effectum,
1174 2551 1225 2623 ut,

131 2649 232 2712 literis
256 2647 401 2712 corrosis
425 2664 466 2708 ac
490 2645 588 2726 longa
609 2647 775 2710 vetustate
798 2645 1051 2722 collabentibus,
1072 2644 1224 2710 mendosi

131 2749 207 2814 inde
234 2748 333 2813 codd.
357 2747 543 2831 prodirent,
573 2764 679 2828 neque
708 2745 786 2811 ideo
810 2747 1019 2828 Propertium
1045 2746 1226 2828 integritati

133 2869 203 2914 suae
227 2849 360 2933 penitus
385 2865 534 2930 unquam
557 2845 686 2910 restitui
707 2865 823 2930 posse.
867 2845 1054 2926 Enimvero,
1077 2847 1140 2911 etsi
1161 2866 1223 2930 ego

133 2945 196 3017 nou
210 2970 285 3016 snm
300 2951 341 3026 is,
355 2949 413 3033 qui
426 2948 525 3031 hujus
538 2949 738 3014 narrationis
751 2948 850 3014 iidem
865 2947 1030 3013 elevatum
1050 2953 1118 3026 eat,
1139 2967 1224 3031 prae·

133 3053 246 3116 sertim
261 3071 337 3115 cum
351 3051 399 3115 illi
414 3069 479 3112 non
493 3069 610 3133 parum
625 3050 871 3133 probabilitatis
881 3046 1020 3114 accedat
1032 3048 1120 3126 inde,
1132 3049 1224 3133 qnod

133 3173 245 3220 versus
268 3151 416 3236 quidam,
431 3151 467 3215 in
490 3149 667 3234 Propertio
690 3149 892 3226 deficientes,
916 3168 938 3213 a
961 3148 1056 3213 nullo
1071 3149 1224 3216 codicum

133 3253 271 3330 illorum,
295 3253 352 3336 qui
378 3251 445 3316 huc
470 3270 576 3334 usque
598 3250 745 3334 inspecti
766 3249 869 3326 fuere,
890 3249 937 3314 ita
957 3249 1163 3328 exhibentur,
1185 3259 1224 3316 ut

134 3353 348 3438 Propertiano
372 3352 504 3434 ingenio
528 3355 561 3415 et
582 3351 781 3434 reliquomm
801 3353 981 3416 carminum
1003 3351 1113 3416 colore
1135 3351 1224 3435 digni

134 3457 216 3519 sint:
251 3454 341 3519 idem
370 3461 483 3520 tamon
511 3471 572 3536 ego
598 3471 706 3535 neque
732 3471 853 3534 negare
880 3471 986 3536 neque
1015 3451 1145 3518 inficias
1176 3454 1224 3519 ire

134 3556 219 3634 volo,
242 3555 367 3620 restare
388 3553 470 3619 mibi
493 3553 527 3617 in
549 3553 611 3616 hac
639 3571 675 3616 re
696 3553 889 3636 scrupulum
912 3553 1067 3637 aliquem,
1095 3555 1152 3636 qui
1169 3573 1223 3617 me
1316 3597 1319 3608 κ

135 3664 244 3740 urgeat
263 3661 298 3721 ct
320 3660 428 3740 angat,
453 3654 495 3718 ab
518 3653 562 3717 iis
585 3652 684 3717 unice
706 3654 932 3732 eximendum,
953 3655 1076 3738 quibus
1096 3654 1225 3720 codicis

134 3757 218 3822 illius
232 3758 352 3840 ipsius,
368 3756 427 3839 qui
441 3756 477 3820 in
492 3753 580 3819 cella
593 3754 721 3820 vinaria
735 3763 884 3839 ropertus
901 3754 977 3836 suit,
997 3763 1031 3822 et
1048 3755 1225 3824 Franciani

136 3857 269 3922 secundi
283 3855 472 3921 excutiendi
485 3860 518 3919 et
532 3855 778 3938 contemplandi
786 3843 930 3924 facultas
944 3864 998 3922 est
1007 3876 1048 3922 ac
1057 3862 1225 3940 potestas.

135 3957 229 4023 Vixit
245 3958 420 4022 Pontanus
435 3958 477 4022 ab
493 3953 535 4024 A.
558 3954 636 4021 Chr.
650 3955 749 4022 1426.
770 3977 874 4042 usquc
895 3957 1049 4024 ud1503.
1094 3955 1226 4035 Quodsi

136 4059 231 4142 igitur
244 4058 355 4124 codex
370 4057 620 4142 Propertianus,
628 4056 721 4121 illins
737 4063 836 4124 aetate
849 4065 1012 4141 repertus,
1020 4059 1137 4123 unicus
1149 4056 1228 4136 fuit,

137 4161 286 4246 requitur,
308 4167 347 4224 ut
380 4159 434 4225 vel
463 4155 598 4225 Francii
630 4159 743 4227 codex
765 4158 929 4225 secundus
955 4159 991 4225 in
1017 4159 1124 4226 forma
1145 4160 1177 4226 4.
1203 4177 1228 4226 u
