2920 4770
211 273 259 338 et
523 289 757 356 rrsrrrrorur
782 291 829 340 rr
849 291 1004 342 ιιιιιιοιιι

297 431 350 495 Tu
365 436 468 515 ceput
479 431 545 498 boe
557 433 683 501 eirenrn
699 435 817 518 pennis
830 433 964 519 surpra
978 435 1108 502 sonoris

339 533 408 598 Ter
420 541 548 620 strepo,
562 536 780 619 procumbe-
794 543 845 602 ter
858 539 947 602 bonu
959 539 1058 604 verbe
1073 557 1203 606 eonem.

300 634 445 714 Deinde,
460 636 518 700 ubi
534 635 707 702 Penebaeo
721 636 901 704 intonuerit
910 659 971 704 eru
985 659 1122 724 repere,
1191 705 1196 714 ,

342 737 518 803 Pluestum
534 736 658 802 Iretbes
668 744 704 803 et
716 738 795 804 mibi
808 759 927 804 numen
940 741 1022 822 erit;

299 839 481 924 Aspersuur
494 839 594 906 luctis
606 840 709 906 ιιίιοο
723 848 756 906 te
769 861 842 906 reru
855 845 1034 922 remittam,

343 940 488 1025 Cynthio
502 960 542 1006 ne
556 961 637 1006 euro
652 952 730 1010 vute
743 945 788 1010 sit
801 945 884 1010 urbs
897 947 964 1038 din.

648 1113 744 1180 Idem
760 1131 819 1179 ιιι.
837 1117 871 1182 4.

299 1243 446 1330 Cyntbiu
459 1245 593 1326 deinde,
609 1253 726 1331 potens
739 1247 848 1314 oculis
864 1249 1094 1333 jaculantibus
1109 1253 1231 1336 ignem,

341 1347 564 1432 Subsequitur
579 1348 652 1416 Cos
665 1349 803 1416 mobilis
816 1353 850 1416 in
864 1354 992 1419 tuniee.

296 1447 390 1514 Haee
404 1449 534 1516 domuit
547 1451 675 1530 futtern,
690 1456 883 1536 urtumque
898 1452 1062 1538 Cupidine
1075 1456 1177 1534 nullo,

341 1549 385 1616 Et
399 1551 505 1616 lutrrs
520 1553 665 1636 spolium
681 1553 772 1618 celse
784 1555 910 1620 mentis
924 1553 1036 1620 babet.

194 1722 198 1730 ,
297 1650 351 1716 Τιι
365 1671 512 1736 qnoque,
528 1656 586 1738 qni
599 1673 725 1734 bernw,
741 1671 825 1722 euve
839 1675 880 1721 ne
892 1656 1028 1722 ludaris
1041 1659 1086 1722 nb
1100 1658 1178 1724 illu:

341 1753 457 1836 Spiret
470 1754 577 1821 adhuc
592 1757 757 1835 dommus,
773 1765 809 1822 ot
822 1778 885 1824 sus
897 1760 964 1825 tels
978 1761 1071 1842 gerit

417 1921 549 2007 caspar
563 1885 760 2012 Scioppius,
773 1925 958 1996 Verisimil.
974 1947 1031 1994 ιιι.
1046 1931 1099 2000 10.

257 2055 433 2142 Propertio
444 2065 548 2143 capnt
566 2057 632 2126 hoe
651 2081 673 2128 e
689 2065 787 2130 nobis
802 2065 945 2145 debitur,
958 2087 1068 2152 neque
1082 2067 1117 2135 id
1133 2070 1309 2138 immerito.

213 2155 338 2223 Nullus
357 2158 447 2224 enirn
470 2159 538 2226 lere
560 2171 614 2228 est
639 2161 682 2232 de
706 2165 938 2252 scriptoribus,
964 2170 998 2234 in
1020 2191 1088 2256 qno
1113 2171 1308 2238 exornando

212 2277 312 2342 teque
325 2261 410 2326 bene
424 2261 570 2329 laborari
593 2271 721 2350 putem.
766 2269 822 2336 ltu
840 2272 956 2338 suavis
979 2279 1032 2340 est
1053 2279 1091 2338 et
1106 2273 1253 2357 elegans,
1270 2281 1309 2338 ut

213 2362 365 2442 quemvis
387 2362 429 2429 ed
456 2365 508 2430 sni
526 2365 704 2433 lectionem
729 2369 876 2453 allielut3
898 2374 947 2438 itu
964 2361 1255 2452 rnrsus'diffiuilis,
1270 2381 1310 2440 ut

211 2479 279 2526 non
290 2481 404 2542 unum,
416 2481 481 2530 neo
496 2483 564 2531 uno
577 2467 614 2532 in
626 2468 713 2548 loeo,
726 2471 936 2558 interpretem
947 2477 1105 2560 requiret.
1142 2471 1309 2553 Difficilis,

211 2560 358 2650 inquens,
373 2571 411 2631 ut
424 2567 516 2646 mibi,
530 2569 673 2655 ullisque
686 2574 790 2656 paulo
804 2575 1067 2656 humanioribus,
1081 2575 1228 2644 videtur:
1252 2581 1309 2662 qui

211 2663 310 2741 elios,
326 2667 448 2749 quibus
461 2667 519 2735 ille
532 2671 634 2738 modo
650 2692 717 2740 non
735 2677 918 2743 facillimus
938 2695 1113 2765 perperam
1135 2680 1308 2746 existimu-

212 2767 277 2841 tur,
293 2763 415 2832 dooere
429 2787 623 2853 possumus.
786 2799 790 2808 ¹

490 2939 586 3008 ruem
599 2943 658 3008 rs.
671 2943 715 3009 ne
729 2945 826 3030 stylo
842 2945 1030 3016 nutasse.

256 3065 378 3148 Ceteri,
401 3071 526 3156 quibus
547 3093 738 3162 perennare,
755 3088 789 3146 et
811 3079 854 3146 ed
874 3087 1025 3150 nostrum
1045 3101 1153 3170 usqne
1177 3095 1306 3154 sentem

212 3184 389 3236 canescere
411 3177 563 3260 contigit,
588 3181 663 3264 ejus
686 3187 764 3248 snut
788 3191 891 3264 notae,
908 3193 953 3251 ‘nt
975 3187 1019 3252 ed
1040 3205 1153 3253 eorum
1171 3193 1308 3276 scripte,

211 3273 372 3352 tunquam
393 3273 437 3338 ud
460 3277 636 3344 obrussam
657 3284 816 3366 puritatis
836 3294 941 3372 utque
966 3289 1142 3371 eleguntiae
1163 3293 1308 3373 Latinae,

210 3371 357 3436 omnium
372 3379 594 3457 posteriorum
609 3385 792 3449 orationem
806 3388 941 3472 exigere
957 3390 1147 3457 debeamus.
1185 3393 1216 3459 Ii
1232 3402 1309 3460 sunt

211 3468 342 3551 Caesor,
357 3475 486 3556 Livius,
502 3477 677 3548 Cornelius
693 3485 826 3570 Nepos,
838 3485 1012 3574 Virgilius,
1027 3491 1207 3574 Horatius,
1224 3495 1309 3561 Pro·

209 3573 348 3654 pertius,
363 3575 528 3660 Tibullus,
544 3589 579 3648 et
592 3583 776 3654 Vitruvius.

383 3746 406 3810 J
409 3750 536 3814 neobus
552 3751 738 3834 Portunus,
755 3755 897 3827 Institut
913 3711 1011 3829 roes
1026 3781 1068 3832 ιι.
1083 3767 1136 3832 25.

252 3873 308 3939 Ad
323 3879 550 3962 antiquitatem
563 3887 682 3951 merito
697 3889 885 3972 rediguntur
894 3896 1040 3965 historiae
1056 3906 1155 3984 etque
1169 3901 1307 3980 fabule,

210 3977 332 4058 quibus
357 3981 526 4050 moderate
546 3987 709 4052 utendum
728 3999 801 4056 est:
823 4009 923 4060 uranu
938 3997 1026 4064 eninr
1041 4019 1150 4066 serere
1164 4009 1308 4085 oportet,

210 4091 278 4140 uon
292 4085 362 4146 toto
376 4083 531 4166 thylueo:
553 4107 652 4153 senus
671 4095 734 4168 est,
757 4113 835 4160 οιιιι
854 4097 1045 4166 inductione
1065 4103 1115 4166 uti
1136 4103 1308 4171 volumus:
