2920 4770
586 379 796 432 ruarnrro.
1197 369 1240 439 21

136 527 231 612 plura
243 524 329 610 ipsi,
343 523 499 590 codicum
519 525 680 592 lectiones
703 528 747 592 ab
770 522 847 593 aliis
862 531 1014 593 enotatas
1030 529 1241 610 excutiendo,

137 630 322 714 reperient3
344 628 400 694 hic
424 629 512 693 enim
535 647 723 694 enumerare
747 649 790 695 aa
810 630 882 694 sine
900 635 1019 696 nostra
1032 638 1067 696 et
1080 632 1241 700 lectorum

138 730 292 795 molestia
305 730 500 814 neutiquam
513 747 707 812 possumus.

180 831 340 897 Bonime
363 832 474 915 igitur,
490 830 635 897 tortasse
648 850 716 897 non
737 831 819 896 item
835 838 1018 913 vetustate,
1039 833 1146 922 (certe
1160 838 1243 904 nihil

138 934 305 1019 ejusmodi
320 939 516 999 annontum
531 933 575 997 ab
590 934 651 1010 eis,
662 931 721 1017 qui
734 933 858 998 librum
872 935 1099 1019 inspexerunt,
1113 937 1243 1024 videa)

138 1037 365 1122 principatum
387 1036 483 1101 inter
502 1035 601 1101 codd.
630 1035 870 1119 Propertiauos
898 1043 1012 1103 tenent
1039 1039 1242 1108 membranae

138 1137 363 1222 Groningauae
377 1138 412 1203 in
427 1137 530 1204 ltalia
544 1139 756 1222 conscriptae.
803 1139 915 1224 Hujus
936 1139 1012 1204 libri
1031 1140 1193 1206 lectiones
1205 1142 1240 1208 J.

139 1238 187 1334 ll.
203 1239 407 1318 Palmarius,
431 1239 471 1304 F.
487 1238 637 1319 Modius,
659 1239 694 1305 J.
709 1238 955 1320 Broukhusius,
977 1241 1018 1306 P.
1031 1242 1242 1310 Burmannus

138 1345 376 1424 enataverunt3
398 1360 496 1407 nemo
519 1345 631 1406 tamen
653 1359 780 1422 omnes,
795 1348 845 1421 ut,
858 1343 1012 1426 quamvis
1025 1344 1086 1408 hos
1101 1352 1242 1410 cunctos
1301 1357 1303 1362 '

139 1444 313 1528 inspicias,
326 1450 440 1510 tamen
460 1445 503 1510 de
525 1445 640 1510 multis
661 1444 747 1510 locis
762 1444 904 1510 dubites.
947 1443 1114 1525 Cetemm,
1129 1465 1171 1513 ne
1185 1448 1241 1512 cui

138 1549 262 1612 temere
283 1545 414 1626 credas,
430 1547 552 1631 singuli
574 1546 755 1630 aliquoties
777 1545 909 1624 fallunt,
924 1545 1111 1612 Palmerius
1132 1553 1241 1614 tamen

139 1651 171 1712 et
195 1648 405 1714 Burmannus
428 1649 550 1715 ceteris
571 1648 788 1734 frequentius.
832 1647 919 1727 Quae
940 1667 1022 1714 vero
1043 1649 1134 1714 idem
1155 1649 1241 1716 Bur·

139 1768 281 1814 mannus
305 1751 465 1830 adhibuit,
487 1751 659 1836 Excerpta
680 1751 720 1816 F.
733 1751 857 1830 Modii,
881 1771 996 1816 eorum
1017 1768 1097 1836 pars
1119 1771 1164 1816 ex
1177 1753 1241 1818 hoc

139 1849 225 1916 libro
238 1859 303 1930 est,
318 1853 388 1918 alia
400 1872 446 1917 ex
461 1853 540 1919 aliis
554 1847 785 1932 deterioribus,
803 1852 894 1937 quod
908 1871 953 1918 ex
966 1853 1053 1939 ipsis
1067 1854 1242 1938 scripturis

140 1969 215 2016 cum
228 1951 310 2016 alibi
325 1957 396 2017 tum
409 1953 497 2019 libro
511 1967 551 2016 11.
565 1952 619 2017 13.
635 1951 667 2018 1.
681 1953 773 2038 apud
788 1954 1015 2020 Burmannum
1028 1939 1204 2038 intelliges

182 2053 268 2120 God.
283 2053 545 2140 Groninganum,
560 2054 620 2139 qui
640 2074 755 2120 ueram
768 2056 948 2122 multorum
960 2057 1113 2122 locorum
1126 2057 1240 2123 lectio-

139 2163 215 2221 nem
229 2176 315 2222 unus
328 2157 479 2226 omnium
492 2157 630 2236 indicat,
645 2155 801 2239 proxime
815 2159 1066 2242 subsequuntur
1078 2159 1241 2226 membra·

139 2277 192 2324 uae
214 2258 466 2344 Neapolitanae,
481 2277 569 2346 quas
592 2259 757 2324 Heinsius
782 2260 867 2326 satis
890 2261 1090 2344 negligenter
1111 2266 1241 2328 etcum

139 2361 353 2427 lesn'natione
368 2363 518 2452 contulit,
534 2361 684 2448 Neapoli
699 2360 742 2427 ad
760 2361 797 2428 S.
810 2361 980 2427 Jonnnem
995 2361 1241 2428 carbonarium

139 2465 250 2530 usas:
271 2483 359 2530 nunc
383 2463 640 2550 Guelferbytum
662 2469 751 2530 tenet
773 2466 858 2530 inter
878 2465 975 2530 codd.
999 2464 1177 2532 Gudianus
1190 2467 1242 2530 in·

140 2566 283 2649 signitas
295 2585 328 2631 n.
340 2566 417 2634 224.
430 2567 520 2632 unda
534 2585 613 2632 cum
627 2567 747 2632 ceteris
762 2566 806 2633 ad
819 2568 920 2632 breve
931 2573 1065 2650 tempus
1083 2573 1162 2634 anto
1175 2566 1242 2633 hoc

140 2669 316 2734 manniam
330 2669 365 2734 in
379 2669 495 2735 urbem
509 2676 659 2735 nostram
667 2668 845 2734 translatas
854 2687 918 2734 uos
932 2668 1059 2753 majore
1069 2687 1145 2734 cnm
1160 2687 1242 2734 cura

139 2771 291 2835 necsine
304 2769 648 2837 fructuexcussimns.
684 2771 754 2836 Hic
768 2775 878 2836 autem
891 2771 1015 2848 codex,
1027 2769 1242 2854 Groningano

140 2872 201 2937 rix
222 2871 354 2937 interior
375 2871 536 2952 bonitate,
559 2878 594 2938 et
612 2873 655 2938 ab
679 2871 770 2937 omni
795 2879 891 2956 parte
910 2871 1049 2954 integer,
1062 2872 1129 2937 nisi
1149 2871 1242 2958 quod

140 2973 301 3038 carminis
336 2973 498 3057 postremi
525 2991 606 3057 pars
644 2971 715 3058 (vr.
739 2969 899 3056 17-74.)
927 2973 1107 3052 intercidit,
1146 2979 1241 3040 extra

142 3072 277 3138 ltaliam
291 3073 436 3156 scriptus
449 3083 501 3140 cst
514 3081 594 3138 anta
605 3091 714 3139 annos
728 3071 832 3138 ferme
838 3073 1043 3157 quingentos,
1057 3072 1147 3138 unde
1159 3075 1242 3139 satis

142 3175 302 3260 antiquus
316 3175 437 3240 dicitur
458 3173 605 3240 Heinsio
625 3175 661 3239 in
682 3172 771 3240 Adv.
787 3191 827 3238 11.
842 3175 874 3240 6.
888 3194 924 3259 p.
937 3173 1012 3240 247.
1035 3173 1127 3239 etad
1142 3173 1241 3240 Ouid.

142 3275 187 3342 A.
210 3273 254 3341 A.
279 3292 337 3341 nr.
358 3276 436 3343 154.
480 3273 636 3342 Getarum
659 3275 699 3341 L.
725 3275 903 3342 Santenius
925 3275 960 3340 in
983 3268 1087 3342 Praei.
1110 3296 1132 3342 a
1156 3276 1242 3342 Bur-

142 3363 265 3444 manno
277 3378 456 3463 aliquoties
467 3377 736 3462 Neapolitanum
746 3375 930 3442 secundum
943 3377 1074 3442 laudari
1087 3379 1242 3460 miratur;

144 3481 233 3566 quod
254 3499 321 3545 non
341 3479 448 3546 modo
461 3477 793 3566 frequentius,quam
815 3478 875 3547 illc
890 3479 1133 3557 animadvertit,
1147 3481 1241 3558 facit,

144 3582 203 3646 sed
226 3588 261 3647 et
283 3583 435 3670 qrdntum
458 3586 698 3646 commemorat
723 3581 792 3646 1.4.
807 3579 861 3645 22.
885 3595 910 3644 1.
925 3581 957 3644 6.
972 3580 1026 3646 22.
1047 3587 1091 3660 et,
1105 3582 1134 3645 si
1153 3587 1242 3647 recte

143 3684 287 3762 memini,
302 3685 440 3768 saepius.
481 3682 622 3749 Scilicet
634 3683 712 3747 inde
725 3701 867 3748 errorem
879 3689 998 3748 natum
1010 3701 1086 3748 esse
1099 3687 1242 3762 constat,

145 3784 235 3870 quod
250 3786 416 3852 Heinsius
429 3786 473 3854 ad
494 3786 684 3870 exemplum
707 3784 943 3870 Gryphianum
966 3790 1000 3851 et
1022 3783 1243 3868 Neapolitani

144 3887 972 3974 etquinqueVaticanorumsoripturusnotaverat3
993 3908 1034 3952 ne
1047 3887 1244 3953 Sentenium

144 4009 334 4076 sequamur,
350 3991 567 4078 Neapolitani
589 3991 729 4059 secundi
750 3991 908 4057 lectiones
929 3991 965 4054 in
980 3991 1139 4073 exemplo
1153 3989 1244 4058 Vos-

145 4093 242 4158 siano
264 4094 479 4160 bibliotheca)
503 4091 690 4173 Leideusis,
712 4092 876 4157 Historic.
899 4112 932 4155 n.
942 4092 1018 4158 418.
1032 4093 1148 4159 haberi
1162 4113 1242 4160 con-

142 4193 346 4281 jectantem·
359 4193 457 4263 Certe
472 4193 755 4284 quodantenus
768 4193 804 4264 iu
820 4209 870 4263 ιν.
883 4193 935 4262 ll.
946 4193 1001 4266 94.
1017 4194 1183 4263 aVossio
1198 4215 1243 4260 ex
