2888 4768
212 280 279 348 200
542 305 573 355 e.
597 305 758 356 eunucu
783 309 984 360 ruornurn

215 441 284 506 Seu
301 438 428 508 vidiad
440 443 584 516 frontem
596 467 737 533 sparsos
753 469 861 539 enare
874 451 1027 536 capillos,

259 541 399 608 Gaudet
411 545 559 613 laudatis
573 549 621 614 irc
636 553 784 635 superba
797 555 926 636 comis3

209 641 296 708 Sive
310 644 391 727 lyrae
405 665 537 712 cmmen
551 649 666 733 digitis
680 655 844 736 percussit
859 655 1004 734 eburnia,

259 743 435 826 Miramur,
451 747 568 816 faciles
583 762 764 840 utprcmat
779 761 849 822 arte
863 777 1001 838 manus;
1276 761 1320 850 10

219 889 308 955 ‘dm
317 896 401 970 Q'l’ffl
414 911 458 959 W
470 897 577 958 smine
593 903 687 966 nugari,
700 907 777 966 pedit
793 905 900 956 incedm
914 907 1020 968 ςιονίιιι
1037 907 1067 956 de
1083 907 1176 971 cupidis
1191 907 1268 958 asina
1280 923 1321 958 nse

219 956 357 1008 cetebmsu:
379 975 421 1010 nen
445 963 504 1026 lpas
522 965 622 1018 curua
638 968 724 1032 digitis
742 971 848 1020 eburneis
865 971 958 1036 teligit,
973 976 1093 1036 stepensu
1109 975 1222 1036 quomodo
1240 988 1322 1024 ιιιιιι

219 1181 277 1232 cod.
290 1182 416 1233 vossiano
432 1190 462 1234 et
476 1179 583 1234 Livineii
595 1177 720 1228 Vaticano
736 1177 786 1240 [Si.
795 1179 822 1228 u.
834 1178 921 1239 Codes.
936 1179 955 1228 i.
965 1177 1016 1228 cidi
1029 1177 1248 1230 Tdmdeofferrs
1259 1179 1323 1230 duos

219 1245 294 1297 llus·
305 1247 540 1299 scribitSclrrsder.
552 1245 578 1293 in
591 1242 700 1292 Emend.
711 1258 770 1306 cap.
779 1247 803 1293 0.
815 1258 841 1318 p.
851 1248 907 1293 lit.
918 1243 956 1306 4.]
975 1243 1077 1306 legend.
1084 1257 1140 1293 esse
1148 1244 1257 1294 incedere
1264 1246 1326 1308 nidi,

218 1309 330 1360 nondum
343 1313 452 1374 probare
465 1324 584 1376 pomarum
602 1322 685 1371 neque
700 1307 770 1356 euim
789 1322 872 1356 narnus
883 1309 988 1372 elegans
1000 1308 1124 1371 repetitio
1134 1315 1185 1368 est,
1198 1309 1257 1358 Coie
1268 1308 1322 1368 ful·

215 1381 310 1436 gentem
320 1376 426 1427 incedere
433 1381 516 1438 totam,
524 1375 609 1423 Totam
616 1374 645 1420 de
652 1371 711 1434 Gon,
720 1373 760 1432 ec.
773 1387 847 1434 quam
857 1373 961 1421 incedere
972 1372 1030 1430 nidi,
1037 1378 1142 1436 et,post
1152 1373 1321 1436 interjectam

218 1439 297 1488 alium
308 1454 419 1502 versum,
435 1443 443 1469 ‘
455 1443 507 1491 Seu
520 1437 574 1487 vidi
585 1434 616 1485 ad
629 1434 757 1484 frontem!
786 1435 882 1486 Mariti.
891 1436 917 1484 iu
929 1450 975 1485 ors
985 1425 1043 1484 libri
1055 1435 1210 1500 sublegeud.
1222 1439 1321 1500 sacrip-

217 1504 502 1564 consectantem:
517 1502 595 1565 idque
607 1507 714 1564 propter
726 1499 889 1562 repetitionis
905 1501 946 1550 ele
980 1501 1072 1562 ntlarn,
1086 1501 1140 1550 Hoc
1154 1505 1232 1550 somn
1248 1517 1262 1551 e
1274 1501 1323 1550 cm

218 1573 290 1617 ceste.
315 1567 357 1618 ld.
370 1578 456 1620 tamea
468 1568 527 1618 bule
538 1565 696 1628 conjecturas
709 1562 875 1628 preferebat,
884 1565 940 1612 Cois
958 1594 966 1612 .
981 1564 1000 1613 i.
1011 1565 1094 1614 tentis.
1110 1565 1213 1615 Hemst.
1224 1564 1260 1614 nd
1268 1566 1323 1614 b.l.

218 1631 454 1683 animadverterat:
472 1632 569 1681 ‘Ulcus
589 1627 692 1692 aliquod
707 1631 732 1676 in
751 1628 776 1678 b.
789 1641 863 1677 versu
881 1629 1053 1678 inveteratum
1066 1630 1158 1691 latere,
1173 1628 1251 1679 codd.
1261 1629 1324 1678 satis

219 1695 371 1757 ostendunt,
381 1698 423 1748 cni
441 1709 533 1747 vereor
544 1699 574 1743 ut
588 1691 765 1742 Broulslmslus
777 1692 919 1744 remedium
932 1694 1030 1744 tulerit.
1064 1692 1124 1742 Hoc
1141 1693 1238 1744 certius
1255 1691 1322 1742 affir-

218 1771 290 1808 mare
307 1759 379 1821 licet,
395 1761 477 1810 minns
494 1773 551 1807 eum
568 1755 724 1814 attendisse,
742 1769 800 1806 cum
820 1757 974 1820 explicaret,
994 1756 1064 1808 omni
1083 1771 1190 1820 corpore
1209 1757 1324 1821 undique

219 1823 395 1884 pellaceutem
411 1838 442 1873 ac
455 1822 629 1886 perspicuam
646 1821 695 1870 boc
708 1821 747 1870 rel
758 1821 887 1870 accurrisse
907 1819 1012 1884 sufficit,
1022 1835 1055 1870 ua
1072 1821 1191 1885 putidum
1203 1821 1325 1872 sidentur

219 1883 1325 2012 :tltilitio'titillettluilulllanti‘i{lilittlitlt‘tt

220 1964 1327 2144 tirellilbtttitbtlllti‘ittilleillttlttliulttli‘llt'tss‘t'

183 2139 186 2147 “
220 2144 355 2208 ceretium,
370 2143 549 2206 ‘dulgentem'
561 2141 668 2192 malee'd
681 2155 821 2206 purpuram
832 2141 984 2202 trahentem,
995 2140 1131 2194 refutaret.
1155 2113 1235 2192 Ceftc
1251 2144 1259 2170 ‘
1273 2140 1325 2193 rur·

221 2205 299 2268 gere'
318 2208 355 2257 lta
361 2208 515 2271 simpliciter
526 2208 604 2257 etiam
617 2208 740 2268 occurrit,
750 2220 790 2268 ap.
799 2207 941 2256 Senecam-⁹
955 2207 1038 2256 Βιιιι.
1067 2205 1126 2258 Ast.
1134 2209 1207 2270 pua
1218 2206 1326 2272 legend.

222 2277 329 2322 censet:
352 2271 390 2320 ot.
405 2273 473 2334 cugio
483 2271 541 2332 us.
554 2271 572 2321 i.
589 2271 645 2320 Coie
663 2270 768 2319 damnat
778 2270 898 2320 Kuinoel.
910 2271 988 2334 Legit
1000 2271 1119 2321 Huscbk.
1137 2270 1174 2321 tt
1190 2271 1219 2320 il.
1233 2270 1327 2331 ΟΜ.

220 2336 290 2384 nuci:
308 2335 392 2398 rejicit
403 2336 525 2397 Kuinoel‚
536 2341 564 2385 et
576 2341 652 2398 putet
663 2335 723 2383 lect.
736 2335 873 2396 genuinam
885 2349 942 2384 esse
953 2334 991 2384 Si.
1002 2335 1029 2384 il.
1041 2333 1102 2394 C.s.
1113 2335 1132 2384 i.
1141 2335 1200 2384 cidi.
1226 2335 1285 2385 Hoc
1297 2341 1327 2386 et

299 2497 307 2521 2
419 2499 425 2513 ι
532 2498 539 2512 ι
718 2487 730 2510 bs
892 2496 900 2511 ι
927 2499 934 2513 0
960 2497 967 2512 ι
1031 2499 1039 2521 p
1197 2497 1205 2513 e

220 2526 391 2592 decedente.
408 2530 473 2581 Qut
484 2527 572 2578 multis
584 2495 761 2576 deseruit-7
769 2523 908 2586 Adsuntess
919 2541 984 2576 unns
995 2527 1071 2578 Voss.
1082 2527 1150 2580 unde
1161 2541 1215 2576 orae
1225 2527 1326 2578 codicis

220 2589 261 2640 nui
283 2591 372 2642 Burm.
391 2592 422 2642 Ρ.
442 2597 612 2642 adnotaverat
632 2589 769 2652 scripsisse
797 2587 817 2638 f.
837 2591 1004 2654 Propertium
1024 2593 1056 2640 ud
1069 2591 1165 2649 sunteas
1181 2591 1274 2654 sparsis
1289 2607 1327 2644 er.

221 2653 323 2717 capillis.
340 2655 392 2706 Sed
403 2663 492 2707 noster
502 2658 593 2707 Burni.
606 2654 698 2704 statuit
709 2655 776 2718 vulg.
787 2653 893 2705 defendi
937 2659 980 2704 rt.
991 2657 1030 2705 lt.
1041 2663 1067 2704 et
1077 2659 1119 2706 22.
1129 2659 1203 2706 ⁹.-o
1214 2657 1222 2683 ⁴
1232 2657 1327 2706 Dousa

222 2717 253 2768 F.
265 2721 369 2782 reponit
384 2721 515 2784 percurrit:
532 2718 658 2786 quomodo
670 2725 697 2767 et
714 2719 853 2768 lernutios
870 2719 895 2768 vi
914 2725 972 2770 etur
987 2719 1097 2782 legisse:
1114 2717 1160 2768 sed
1176 2733 1241 2783 repu
1279 2725 1327 2770 nnt

222 2795 312 2832 omues
324 2783 401 2834 libri!
416 2785 527 2834 Repulsi.
559 2781 691 2832 Exhibeat
702 2788 730 2831 et
741 2789 846 2832 tuentur
854 2783 970 2846 percussit
978 2783 1010 2834 B.
1022 2783 1055 2832 B.
1078 2783 1192 2834 Percurre.
1204 2783 1237 2833 de
1250 2784 1327 2834 eadit

222 2845 313 2896 Burni.
335 2849 379 2911 qni
400 2855 477 2910 putat
500 2861 601 2910 peccans.
625 2845 807 2895 Markleodnm
830 2847 976 2911 praetulisse
1000 2846 1033 2896 ad
1050 2847 1118 2898 Stat.
1139 2847 1210 2910 Splr.
1229 2862 1256 2911 p.
1268 2853 1327 2898 181.

222 2907 289 2971 Lyra
301 2911 357 2960 uult
368 2911 470 2961 Hemst.
492 2912 628 2974 improbat
639 2910 727 2960 Birrm.
750 2911 883 2974 Heinsius,
893 2912 962 2961 Ado.
972 2924 1004 2960 rr.
1016 2915 1040 2960 l.
1052 2911 1156 2962 volebat
1166 2911 1225 2976 lproe
1235 2917 1329 2962 numen

221 2973 247 3022 d.
254 2975 372 3036 pereum
381 2975 482 3038 eburna,
492 2983 520 3025 et
531 2977 558 3025 iu
573 2975 607 3024 N.
616 2989 680 3039 ques
688 2975 756 3024 illius
764 2973 928 3026 Adversariis
938 2975 1035 3038 adjecit
1046 2975 1222 3037 burmannus,
1231 2991 1257 3039 p.
1269 2980 1329 3027 677.

221 3037 352 3101 probabat
367 3040 427 3152 idque
439 3046 529 3090 clamen
540 3040 582 3088 rel
592 3041 645 3104 lprc
655 3037 751 3088 eburna.
784 3040 818 3090 Di
840 3040 845 3052 '
859 3039 985 3089 isebsrnis
995 3048 1137 3102 agnoscunt
1148 3054 1235 3088 omrlcn
1247 3039 1327 3090 codd.

222 3108 275 3151 ete
289 3103 367 3153 suisa
388 3112 429 3154 ert
438 3105 536 3155 Nestor
546 3105 572 3152 iu
585 3102 683 3154 Vocab.
694 3118 719 3166 p.
730 3109 770 3152 bb.
782 3104 807 3152 in
822 3109 830 3132 ⁸
843 3103 933 3153 Ebur!
966 3101 1103 3168 idquesna
1113 3103 1256 3154 imitatione
1269 3118 1328 3168 pro·

222 3165 298 3216 basae
316 3175 392 3231 putat
411 3168 574 3219 Burmannus
595 3169 705 3216 Petrum
725 3167 862 3229 Bembum,
883 3169 957 3232 Elep.
977 3168 1010 3217 ad
1030 3168 1061 3218 Ι..
1080 3168 1203 3232 Bongiam
1222 3181 1249 3231 p.
1266 3173 1328 3220 240.

223 3229 319 3280 Iocum
332 3232 357 3281 b.
368 3233 464 3294 optime
476 3233 645 3282 constitutum
657 3231 689 3278 iri
707 3237 781 3294 putat
792 3232 966 3292 Burmannus,
978 3231 999 3280 si
1012 3231 1144 3280 admiseris
1155 3233 1215 3296 lprae
1224 3237 1328 3296 ιίαιιει,

223 3293 270 3342 sed
281 3295 470 3372 servaverisld,
481 3295 550 3360 qnod
560 3295 660 3345 Bembo
675 3295 753 3343 etlam
764 3295 891 3358 placuisne
903 3303 988 3359 putat,
997 3295 1084 3356 digitis
1091 3297 1209 3358 percurrit
1220 3295 1327 3346 eburnia.

222 3355 347 3406 Percussit
357 3372 414 3408 esse
425 3373 500 3408 unice
520 3373 616 3420 nerem,
628 3364 656 3408 et
666 3357 700 3406 im
721 3359 849 3408 robaudus
867 3374 925 3409 esse
935 3359 1040 3410 Heiusii
1050 3359 1213 3423 conjecturas
1225 3359 1328 3409 validis·

222 3419 287 3470 sitne
307 3427 384 3484 putat
401 3422 545 3496 [inim—10
560 3421 666 3472 ‘Palam
683 3373 732 3472 sibi
752 3423 827 3474 valde
844 3423 932 3488 placet
951 3438 1010 3474 curn
1026 3437 1073 3474 suo
1089 3428 1184 3474 tremat.
1217 3424 1328 3488 Verum,

720 3551 830 3605 Now

222 3645 352 3712 qnondam
369 3645 527 3697 tenuissimae
538 3661 570 3698 ex
581 3647 706 3713 bombyce
718 3651 752 3700 ad
791 3649 904 3702 immine
916 3637 989 3716 togas
1000 3657 1135 3716 gestarent
1147 3649 1214 3715 apud
1227 3650 1324 3700 Roma·

221 3721 382 3773 foeminsrum
401 3733 592 3792 oruamentum,
614 3740 671 3791 qnae
691 3727 752 3777 Coe
792 3741 838 3776 nos
854 3729 911 3790 jem
931 3742 987 3791 sup.
1007 3727 1133 3778 vidimus:
1152 3727 1220 3777 unde
1240 3725 1323 3776 facilc

222 3799 384 3850 dicebantur.
417 3799 458 3850 lle
469 3799 508 3850 bis
521 3802 577 3864 jam
595 3815 654 3864 sup.
672 3802 752 3866 plori-
793 3809 833 3852 est
844 3803 971 3866 divinare,
983 3805 1084 3868 qualem
1101 3801 1328 3867 hicl’obtspuel·

221 3875 279 3927 bns.
312 3877 374 3927 Fuit
385 3877 464 3928 etiam
476 3883 504 3926 et
519 3877 546 3927 in
558 3892 590 3927 es
602 3877 686 3926 insula
696 3877 751 3926 AEs-
792 3878 843 3928 lam
856 3879 995 3943 intelligat.

222 3957 318 4022 culspli
330 3959 454 4024 templum
474 3957 678 4019 celeberrimum,
690 3970 750 4006 uec·
825 3958 840 4003 8
857 3955 963 4018 Superba
980 3953 1064 4018 cono]
1081 3953 1123 4004 Ad
1139 3959 1259 4004 naturam
1279 3966 1328 4016 pa-

221 4047 273 4082 non
296 4033 374 4083 etiarn
393 4033 502 4084 Junnnis
523 4032 601 4094 ades,
624 4031 658 4080 de
676 4031 750 4096 cujus
791 4029 864 4079 vonis
882 4031 985 4092 alludit,
996 4030 1039 4094 qni
1056 4027 1177 4079 laudatus
1195 4027 1328 4092 superbit,

222 4107 365 4172 insignibus
375 4109 468 4159 llbnun
478 4107 584 4172 scripsit
594 4105 752 4170 lbeodotus,
791 4111 820 4154 ct
837 4105 891 4154 elas
902 4110 929 4153 et
945 4103 1054 4154 candens
1073 4108 1236 4167 gemmantes
1257 4100 1327 4154 ret'c·

221 4181 514 4236 utrelcrtVltrun.v11.
527 4181 654 4236 Quaenam
665 4188 751 4232 autem
792 4187 892 4230 rentem
904 4180 1005 4230 colores
1015 4177 1149 4242 expandit.
