2892 4766
513 343 584 395 uin.
607 345 646 393 ιι.
670 345 774 394 nuno.
797 331 849 398 lu.

128 482 211 548 Nun
226 489 347 564 nmen,
368 492 407 550 nt
419 491 536 552 vectos
550 489 659 552 ausim
674 493 798 554 tentore
811 490 936 568 leones,

170 581 247 650 Aut
261 585 349 652 celer
361 593 507 669 agrestes
522 591 672 654 cominus
685 591 732 654 iro
746 609 836 655 sues.

127 683 222 750 Haec
236 687 338 770 igitur
350 688 432 753 mihi
447 692 493 754 sit
503 691 635 773 lepores
649 691 793 756 eudenio
806 691 925 756 molles

172 785 352 873 Excipere,
376 795 412 854 et
427 791 543 856 stricto
559 789 655 874 ligere
670 811 764 856 nvem
780 792 920 869 column,

127 967 290 1032 motem
299 984 367 1018 mee
381 969 482 1022 iecitoee
497 971 524 1020 ie
533 971 615 1032 seror:
629 987 671 1022 trec
686 972 724 1024 ite
738 977 841 1022 nttmce
855 978 882 1022 et
899 985 998 1034 moneor
1011 975 1110 1024 eedem
1123 976 1224 1040 wenedi

126 1031 215 1094 mm,
225 1034 263 1081 nel
272 1033 344 1094 upilio
354 1032 424 1093 feroc
430 1049 514 1098 porroe
522 1036 618 1100 propiet
625 1037 713 1102 figere.
747 1037 785 1086 Ee
795 1051 851 1098 erge
862 1037 921 1085 mitt
930 1038 963 1086 eit
973 1038 1072 1088 aedecio
1081 1040 1170 1102 lepores
1179 1043 1225 1091 ier·

128 1093 199 1146 betto
208 1097 309 1162 adoriri,
317 1099 463 1162 uolueretque
472 1113 566 1150 mereo
577 1103 664 1150 ulcere
674 1105 778 1165 captore,
788 1100 818 1150 lie
829 1101 931 1151 ecilioet
941 1100 967 1150 in
979 1101 1095 1166 pertibne
1105 1104 1132 1152 ie
1141 1104 1223 1168 quite·

583 1227 764 1248 W

125 1302 199 1353 ‘non
216 1303 277 1352 retie
296 1309 358 1368 epto
377 1306 395 1356 1.
413 1306 481 1356 inter
499 1307 557 1370 ipre
574 1305 684 1356 rcnmdi
700 1303 784 1354 officie
799 1312 886 1356 votum
904 1306 963 1356 Diie
975 1307 1222 1360 veneticlreolvcnd.

126 1377 351 1419 commemoretur.
384 1370 426 1419 lte
445 1371 512 1419 eninr
527 1371 570 1418 ille
579 1369 658 1418 verbe
677 1370 828 1432 accipiendo
840 1371 950 1420 Ovidine
960 1371 1038 1420 docet
1049 1373 1087 1422 Μ.
1100 1385 1151 1422 ιιι.
1163 1377 1221 1424 inb.

124 1431 256 1496 ‘'reliqne
275 1431 352 1482 bebct
370 1433 460 1496 inetur,
480 1435 505 1482 ln
524 1435 576 1483 elle
595 1435 660 1485 Quae
677 1431 779 1481 inerunt
792 1435 952 1497 pinu,rotivi
964 1449 1060 1490 corone
1071 1435 1160 1486 cervi!
1187 1437 1223 1488 Et

125 1495 199 1560 pleni
211 1503 273 1546 eunt
282 1510 313 1545 eo
323 1511 394 1546 more
406 1498 556 1548 Graecornrn
569 1498 790 1561 Romanorumque
800 1499 868 1546 libri.
893 1500 961 1550 Quin
972 1500 1069 1548 reddere
1076 1499 1146 1567 plcet
1155 1499 1222 1552 bene

126 1558 238 1620 dictum,
255 1573 289 1609 ne
304 1563 442 1624 ruepeedere
459 1563 517 1624 pinu
538 1569 623 1610 tentce
638 1575 696 1608 curn
715 1559 881 1611 ticinae-eo
897 1563 1014 1611 ‘Monere
1047 1563 1131 1614 uidene
1145 1563 1222 1615 librlr

126 1623 203 1673 mele.
231 1625 330 1673 Monere
340 1625 469 1689 Groning.
480 1626 547 1689 quod
560 1627 638 1683 velet,
648 1624 760 1674 horterl:
778 1633 808 1674 ut
818 1624 884 1675 bene
897 1627 1005 1738 exponit
1021 1577 1107 1676 debu.
1122 1627 1221 1690 Agnor-

127 1693 192 1738 cunt
202 1688 281 1737 etiem
293 1703 332 1750 pr.
344 1688 405 1738 edd.
430 1689 553 1738 Scbnttne
572 1703 591 1738 ι.
610 1689 674 1738 Obe.
693 1688 804 1738 Hermen.
822 1693 862 1738 lu.
880 1690 917 1739 lte
941 1691 1032 1748 undet,
1047 1690 1222 1752 mooedoseree.

125 1749 242 1815 Decepit
252 1752 376 1816 optimum
389 1752 470 1801 virum
486 1767 532 1801 erre
544 1749 682 1802 memorie!
699 1752 808 1803 Brouleb.
832 1753 916 1804 ‘luae
931 1753 989 1803 cod.
1007 1753 1094 1804 Pelet.
1104 1755 1135 1804 C.
1148 1755 1222 1807 Cone.

125 1814 193 1864 Bon.
216 1815 316 1865 Gnern.
335 1815 408 1866 Brix.
434 1815 597 1866 Prect'ercnd.
616 1821 657 1865 eet
674 1815 744 1864 eree!
764 1817 853 1866 Bnrtlt.
882 1819 967 1867 ‘Mon
985 1818 1045 1866 Vet.
1063 1821 1087 1868 2.
1104 1823 1128 1868 8.
1147 1819 1221 1869 Borr.

125 1879 218 1928 Iaeidd.
236 1880 310 1929 Voer.
327 1884 351 1928 1.
370 1885 394 1930 8.
414 1881 566 1941 mei,Dorr.
578 1894 619 1943 pr.
630 1879 690 1930 cdd.
717 1879 783 1928 Moe.
800 1881 860 1943 qrrie
879 1886 919 1930 tot
936 1881 1012 1930 codd.
1028 1882 1177 1945 conspirent
1193 1883 1221 1933 iu

125 1942 193 1993 hene
204 1944 266 1993 lect.
276 1944 317 1994 hio
327 1945 386 2008 cepi
396 1951 484 2007 poeeet
495 1958 552 2008 pro,
562 1943 674 2006 irritare,
686 1944 860 1994 exorimulere.
883 1946 962 1994 Certe
970 1945 1080 1995 Volecne
1089 1947 1221 2010 expernit,

125 2007 236 2056 innitere
247 2007 279 2055 ed
290 2005 357 2056 feres
369 2008 575 2071 prehendenda,
585 2007 700 2068 eliooquc
711 2007 832 2056 mendose
840 2023 900 2056 nee.
912 2009 997 2071 legere
1006 2010 1122 2059 noterit!
1133 2011 1221 2061 Brenn.

125 2071 196 2120 Mon.
208 2069 327 2120 defendit
338 2072 417 2120 Kuin.
428 2079 457 2120 et
467 2072 590 2122 exhibent
602 2071 634 2120 B.
644 2071 675 2119 ll.
683 2071 715 2119 B.
724 2072 816 2120 1.-21
834 2073 842 2099 ‘
855 2072 941 2121 Multo
952 2072 1096 2134 elegantior
1106 2079 1147 2122 eet
1160 2073 1221 2122 libri

127 2134 255 2198 Gronlng.
271 2139 393 2184 temerare.
421 2135 509 2185 l'emer.
520 2135 598 2184 etiem
608 2134 689 2183 Palm.
702 2134 857 2196 probeeeret
870 2135 950 2199 [qnod
960 2133 1070 2185 miretur
1081 2136 1182 2198 burun]
1194 2138 1220 2187 in

125 2197 217 2261 Spicil.
232 2198 285 2248 Sed
297 2199 358 2262 qniel
369 2199 416 2249 liet
425 2201 459 2260 rei
470 2195 564 2248 remei
579 2197 664 2248 Credo
676 2197 795 2246 mendum
807 2197 888 2247 letcre
900 2199 926 2246 ln
937 2199 961 2249 b.
971 2213 1044 2262 rone,
1055 2207 1134 2265 etque
1144 2201 1220 2250 client

127 2263 240 2327 eliquern
250 2261 331 2311 ierem
343 2261 422 2312 iniere
434 2263 601 2323 nomineteru,
611 2261 683 2325 cnjue
694 2262 796 2310 venetio
812 2263 847 2311 eit
859 2263 1012 2325 periculose,
1026 2262 1082 2312 itid.
1100 2271 1130 2312 nt
1146 2278 1221 2328 epro-

126 2325 201 2378 runr.'
221 2326 327 2375 Broelrle.
350 2327 407 2375 ‘Et
418 2342 441 2376 o.
459 2329 523 2376 Bne.
539 2326 601 2390 [det
617 2325 729 2374 Ferreoli
744 2324 831 2388 liben]
854 2327 957 2390 captore
975 2327 1075 2376 (luern.
1098 2327 1221 2378 Tenemur

126 2389 242 2440 Bronleh.
254 2391 280 2438 in
292 2397 408 2440 context.
427 2392 540 2453 recepit,
560 2390 655 2452 ceplle.
673 2403 728 2454 per,
747 2390 885 2438 temererie
902 2397 931 2441 et
950 2392 1096 2454 periculose
1113 2391 1220 2442 endenie

123 2453 1220 2582 tulinllll:,tlllbtltttlbtlittitlbrrllllbll‘ctss

127 2581 198 2631 tere'
214 2581 283 2631 enirn
299 2589 326 2630 et
345 2580 479 2632 ‘tentero’
491 2588 551 2630 tunt
567 2581 647 2629 verbe
659 2580 802 2630 domestice
814 2581 997 2630 ιοιιιιιοιὶιιιιι.ν
1013 2582 1101 2630 Bertb.
1126 2582 1219 2631 ‘Suern

126 2643 266 2708 Propertio
285 2642 386 2694 reddidi
397 2647 550 2706 ecriptnrern
562 2649 669 2692 tentore:
685 2644 753 2707 quod
764 2657 831 2693 nuru.
841 2641 897 2692 iere
913 2644 990 2694 codd.
1006 2651 1034 2692 et
1052 2645 1145 2708 priecre
1160 2645 1220 2695 edd.

126 2714 244 2770 tuentur,
261 2715 357 2772 preter
372 2710 436 2758 Ere.
447 2707 520 2758 Mod.
530 2712 558 2757 et
567 2708 647 2756 Doro.
657 2711 682 2756 2.
706 2709 834 2755 Atteeture
844 2707 919 2757 Voce.
931 2713 956 2757 8.
975 2707 1042 2770 qnod
1054 2708 1220 2769 emplectitnr

127 2771 263 2824 Schreder.
273 2772 380 2822 Emend.
388 2777 415 2822 b.
427 2788 454 2835 p.
466 2776 522 2821 117.
549 2772 651 2834 capture
662 2769 735 2820 Leid.
747 2775 771 2818 8.
790 2769 942 2821 Merklendo
959 2771 1122 2836 displicuisse
1137 2777 1220 2824 temer.

128 2844 210 2900 petet,
228 2838 287 2900 quin
302 2834 361 2885 cod.
378 2850 434 2896 ruo,
453 2835 639 2884 Broukbnslum
657 2835 774 2898 innuens,
787 2836 920 2897 elicient,
933 2836 941 2863 ‘
953 2837 1023 2886 bielc
1035 2835 1083 2884 Vlr
1094 2835 1127 2885 cl.
1136 2833 1221 2888 edidit

126 2899 259 2950 emerere!
275 2900 371 2963 Etjenr
384 2899 473 2948 Helue.
485 2900 510 2948 ln
523 2900 556 2949 N.
568 2913 594 2961 p.
605 2902 663 2948 698.
680 2903 761 2946 temer.
772 2899 869 2961 rejecit.
894 2901 1017 2950 Veterem
1025 2900 1116 2962 script.
1129 2907 1220 2950 contre

127 2964 243 3014 lironlrlt.
260 2971 409 3027 propugnet
426 2963 634 3012 Hemoterbueiue
653 2962 679 3010 in
701 2960 837 3011 Animadv.
852 2963 967 3024 ineditis,
982 2971 1009 3013 et
1028 2969 1087 3012 tert.
1104 2963 1219 3026 pluribus

126 3027 251 3078 vindicet.
283 3027 401 3091 Hcyniue
420 3041 521 3102 quoque
539 3025 684 3100 ³⁶.Tib¹¹¹¹.·
701 3039 742 3073 ιν.
758 3029 782 3074 8.
798 3040 824 3089 p.
842 3029 899 3102 881.
913 3027 1150 3088 repudlevitteorcr.
1176 3027 1218 3104 ld.

127 3088 1220 3218 rlrltrlt'rrbi'llil:b‘tltzt‘zttlrtrrttffltrzbbbblll

127 3217 527 3346 :tllitbltitllltlzll
538 3215 1218 3344 ‘i⁸l⁹22r0llltlrtlll¹·z,„lrlrrtltlrtll

128 3345 160 3394 de
179 3346 294 3397 leonibus
310 3347 336 3394 iu
354 3347 432 3396 ltelio
449 3359 498 3394 eron
514 3344 671 3403 extantibus,
686 3344 754 3393 tollit
770 3315 910 3392 Dorvilline’
920 3345 944 3392 in
957 3345 1022 3394 Obe.
1034 3345 1110 3395 blito.
1119 3345 1177 3394 Vol.
1191 3359 1219 3395 r.

126 3409 198 3459 Toto.
208 3424 229 3458 ι.
241 3425 267 3471 p.
276 3414 333 3459 188.
356 3424 428 3458 orrum
444 3423 545 3473 qrroque
565 3408 690 3456 celculuru
711 3408 834 3471 adjiciens
850 3408 909 3468 illie,
924 3408 968 3472 qui
984 3413 1043 3456 teet.
1059 3407 1219 3472 praeferunt?

127 3473 215 3524 noo.
234 3475 304 3524 Tenet.
316 3474 420 3523 exbibet
432 3473 601 3522 boehm-22
618 3470 712 3521 Morkl.
724 3473 749 3520 in
762 3486 806 3521 ore
823 3471 881 3520 libri
897 3473 935 3521 eni
952 3473 1098 3535 corrigend.
1114 3479 1219 3523 noteve·

128 3545 178 3596 ret,
188 3538 398 3599 egredienti-24
411 3537 490 3586 ‘decr
502 3537 588 3584 Poetlt.
612 3535 710 3583 Structo
720 3550 753 3585 ex
764 3536 892 3586 emendet.
917 3535 1034 3586 Selrrrneii
1050 3536 1081 3585 ed
1097 3537 1175 3587 Solio.
1192 3551 1218 3600 p.

128 3603 202 3650 1088.
218 3601 319 3664 recepit
330 3601 406 3664 Vulp.
419 3615 476 3649 cunr
489 3601 562 3649 Giitt.
578 3599 605 3650 J.
619 3599 647 3646 F.
659 3598 774 3648 Gronov.
785 3599 848 3649 Obe.
859 3613 902 3650 ur.
913 3603 953 3650 18.
963 3600 1003 3649 ed.
1015 3599 1150 3664 primord.
1162 3614 1220 3649 rer·

127 3663 188 3714 burn
200 3665 280 3714 tnitne
291 3663 375 3714 fueret
385 3679 393 3724 ς
410 3663 465 3726 red,
476 3677 534 3712 curn
546 3663 691 3724 capicerio
703 3669 834 3712 recentete
846 3664 1011 3724 impressione
1023 3678 1072 3712 uon
1084 3671 1219 3726 eppereet,

127 3727 195 3776 baud
211 3728 321 3790 emptius
339 3727 358 3778 ι’.
375 3728 442 3778 idern
462 3727 564 3790 probari
581 3728 616 3785 rei
633 3723 694 3774 edm
706 3726 808 3788 judicet
829 3725 954 3776 Schureli.
972 3727 1003 3776 ed
1014 3727 1086 3776 Don.
1097 3727 1130 3775 de
1142 3727 1217 3775 Petr.

127 3790 210 3856 Prop.
221 3792 300 3858 §lob
314 3805 340 3856 p.
352 3796 406 3844 lut.
417 3799 446 3842 et
456 3791 570 3856 explicet
588 3789 618 3838 rb
630 3791 712 3839 stricto
729 3789 809 3855 (quod
819 3797 859 3839 eet
870 3791 978 3840 innuen.
990 3789 1120 3853 libr.)s.o.
1128 3805 1150 3840 r.
1163 3803 1218 3853 per,

620 3933 726 3984 NOTAE

160 4034 192 4080 nt
210 4029 370 4092 Fegereeeeue
385 4030 484 4094 colum]
505 4029 653 4092 Ancupeto-
693 4029 775 4092 telligl
787 4026 819 4077 dc
827 4028 923 4091 eegltte
931 4027 964 4079 eb
972 4041 1034 4078 eren
1043 4039 1160 4091 excurre,
1168 4037 1219 4091 qne

128 4107 179 4156 rloe
190 4107 301 4157 celemon
313 4105 449 4171 significet,
467 4107 559 4171 quibus
570 4105 652 4154 eiece-
691 4102 838 4167 figebentnr
849 4115 920 4154 eree.

128 4181 310 4244 tiecepinntnr
329 4194 397 4233 eece.
430 4181 483 4230 Alii
502 4185 595 4244 putent
615 4178 652 4228 lu·
