2920 4770
477 312 550 364 rur
573 311 699 364 euros
722 312 900 364 creuere.
1190 297 1236 366 ab

137 473 182 522 ex
195 454 266 520 illis
280 473 368 533 esse,
383 473 471 538 ques
492 454 605 524 Poiite
619 460 695 524 ente
718 475 833 524 omnen
855 456 1012 540 reliques,
1034 455 1138 522 etiam
1159 457 1236 524 libri

137 556 247 640 primi,
270 557 410 641 scripsit
418 565 440 637 3¹
467 561 575 640 quum
589 578 682 636 vero,
700 577 778 626 cum
792 559 996 643 quibusdum
1014 557 1106 636 eliis,
1120 565 1237 642 utpote
1251 625 1253 630 ,

138 659 286 724 nondum
301 660 387 724 satis
402 660 622 737 emendatam,
636 659 786 741 neglexit
800 667 835 724 et
858 658 1047 743 suppressit
1060 663 1144 736 tum,
1159 677 1236 725 cum
1290 731 1292 740 ‚

137 757 260 824 librum
274 761 419 843 primum
432 761 556 828 ederet
600 759 669 826 Cur
682 761 747 826 boc
763 759 845 826 mibi
855 760 1085 844 persuadeam,
1100 758 1173 824 haec
1184 760 1236 824 iu-

138 860 256 942 primis
276 879 384 926 cuueu
406 871 470 940 eet,
500 862 593 946 quod
617 862 653 926 in
676 862 735 926 illo
757 861 913 927 Carmine
937 877 1059 925 nomen
1082 859 1235 944 Cynthiae

137 961 284 1028 noudum
299 965 455 1042 occurrit,
470 963 562 1047 quod
578 983 600 1030 e
614 962 726 1030 Pobtu
739 971 822 1047 post
835 961 870 1028 id
885 964 1020 1027 demum
1031 963 1162 1044 tempus
1176 961 1236 1028 eti·
1328 953 1334 956 ’

137 1061 280 1128 bibitum
297 1063 505 1149 Hostiaeque'
514 1066 710 1149 impositum
723 1065 791 1130 fuit
804 1084 827 1129 e
840 1063 976 1147 Cyntho
986 1062 1095 1149 (sicut
1114 1081 1137 1126 u
1151 1063 1236 1128 Delo

138 1181 257 1228 nomen
272 1165 411 1250 Deliae),
427 1186 503 1231 cum
519 1168 552 1232 in
575 1167 760 1232 amicitiam
782 1183 996 1249 umoremque
1010 1163 1084 1247 ejus
1107 1164 1235 1228 insinu-

139 1271 241 1329 asset
287 1265 411 1349 Neque
425 1268 515 1332 enim
528 1267 570 1332 de
593 1268 722 1350 nuptiis
736 1274 772 1334 et
790 1265 948 1350 conjugio
964 1265 1131 1348 Propertii
1146 1265 1236 1347 cogi-

139 1366 277 1430 turdum
290 1373 343 1432 eet
357 1387 435 1432 cum
449 1369 550 1434 docto
565 1366 676 1449 Anglo
692 1366 822 1444 (luneio,
836 1366 955 1451 (lives
970 1365 1011 1430 oi
1021 1364 1077 1430 the
1099 1365 1236 1430 Romen

140 1466 258 1546 Poets)
272 1469 489 1534 obnuntieute
504 1470 606 1534 etium
615 1469 691 1553 jure
705 1470 777 1554 ejus
791 1469 972 1550 interprete
981 1466 1162 1544 Schmidio,
1175 1467 1236 1534 soti

138 1570 298 1649 praetexit
308 1570 410 1636 modo
424 1569 535 1636 Poeta
548 1571 735 1636 honestetis
745 1571 891 1654 speciem
903 1569 994 1651 turpi
1003 1568 1117 1632 amori.
1145 1566 1236 1631 Tau·

140 1677 211 1734 tum
224 1691 304 1736 vero
319 1673 441 1752 uberet,
458 1680 497 1737 ut
515 1672 589 1740 boec
612 1674 725 1738 cautio
749 1691 772 1737 e
793 1669 973 1754 Propertio
998 1668 1149 1734 adbibita
1167 1668 1236 1735 vim

140 1770 289 1854 aliquam
303 1773 339 1836 in
354 1771 507 1858 Cynthiae
523 1774 633 1838 animo
649 1773 693 1838 ud
706 1773 931 1838 constentiam
948 1771 1071 1836 amoris
1085 1769 1235 1846 baberet,

141 1874 177 1933 ut
189 1871 306 1953 potine
319 1891 402 1938 mox
418 1873 523 1940 ulium
537 1874 709 1957 praeierret
732 1880 924 1948 amatorem,
939 1889 1085 1956 quocum
1103 1870 1139 1936 in
1154 1869 1237 1954 lily·

140 1973 221 2036 rium
241 1973 411 2057 proficisci
425 1974 657 2040 meditabatur.
701 1974 825 2056 Neque
846 1992 907 2056 per
930 1971 1119 2038 absentium
1143 1971 1236 2036 iliius
1254 2033 1258 2040 .

140 2074 295 2158 praeteris
315 2073 443 2159 lllyrici
466 2075 538 2140 sine
553 2075 650 2139 rivuli
673 2093 749 2139 esse
764 2074 875 2156 potuit
896 2071 1015 2148 Poeta,
1030 2073 1081 2136 uti
1099 2071 1236 2153 colligas

140 2194 161 2240 e
175 2190 217 2240 ιι.
231 2175 286 2240 24.
300 2175 354 2240 at.
363 2177 422 2262 qui
435 2177 493 2242 ille
507 2177 582 2260 ipse
595 2176 736 2254 videtur,
751 2175 810 2259 qui
824 2190 966 2240 uxorem·
980 2173 1137 2240 hebcbct.
1161 2173 1235 2240 Lib.

144 2291 183 2344 ιι.
197 2276 252 2342 21.
266 2277 298 2342 4.
341 2276 443 2343 liium
466 2284 649 2361 pretorem
673 2275 887 2344 Macedoniae
902 2281 937 2340 et
954 2273 1097 2344 Achate
1120 2281 1237 2340 censet

634 2494 740 2546 Now

140 2637 232 2702 quinto
251 2635 317 2688 libro
346 2634 392 2689 iui.
411 2636 495 2701 dicto]
521 2637 669 2702 evulgatum
709 2653 764 2689 rem
782 2638 869 2688 velere
881 2636 973 2702 jubet:
1000 2635 1032 2686 ln
1043 2631 1157 2686 recondo
1168 2638 1191 2686 i.
1211 2639 1236 2685 8.

140 2713 266 2777 ιιιιρὶωι.
305 2711 383 2762 Libro
403 2713 483 2762 tertio
505 2717 545 2763 ib.
566 2717 588 2762 1.
613 2713 670 2762 ‘Tu
710 2710 1026 2777 ‘Beiiuccuermquundo
1038 2711 1135 2776 script·
1151 2711 1238 2774 puelle

139 2788 263 2854 ioquerir,
280 2787 382 2838 cumrir
397 2787 453 2850 jum
469 2793 530 2838 noto
542 2787 669 2838 febuieli·
708 2804 768 2846 mee
778 2797 829 2840 ert.
861 2791 939 2842 Nunc
960 2787 1017 2840 roio
1031 2785 1161 2838 rubducto
1179 2801 1241 2850 gre·

142 2862 200 2926 bro,
218 2864 254 2914 Er
275 2871 321 2912 tue
341 2862 376 2912 eit
393 2869 450 2913 tero
469 2864 580 2927 Cyntbic
601 2864 670 2914 lecte
708 2867 764 2916 rior
775 2865 915 2931 procedere
933 2864 1014 2924 voitu,
1029 2877 1098 2913 nuuc
1116 2863 1191 2922 eiiem
1202 2864 1239 2914 ci·

141 2937 224 2988 ioroi'
262 2937 353 2988 ‘Noto
370 2937 450 2988 iibro’
467 2938 541 3000 dicit,
558 2951 608 2988 non
624 2939 669 2989 ‘li-
710 2943 805 2992 thuim
829 2955 870 2990 me
892 2955 949 2990 meu
970 2939 1047 2989 bicen
1072 2937 1167 2988 docet!
1205 2938 1238 2988 In

141 3012 212 3076 brit‚'
229 3019 348 3064 utuuum
366 3013 443 3063 ruodo
457 3011 555 3063 edituro
573 3013 670 3078 rigetii·
708 3017 789 3068 tertio
811 3019 853 3066 2⁴.
874 3019 914 3067 1⁶.
929 3014 1018 3063 ‘Ecce
1033 3020 1163 3062 coronetur
1179 3027 1239 3077 pcr-

141 3103 201 3140 ατο
213 3089 340 3140 videntur.
371 3087 434 3150 Sed,
448 3088 498 3136 uisi
515 3087 541 3137 id
558 3088 669 3140 Cermeu
709 3098 763 3144 tum
771 3092 881 3155 tetigere
889 3086 1130 3150 rubescente
1139 3087 1240 3150 Syrtes,

138 3165 193 3228 jum
202 3171 271 3224 ente,
279 3177 355 3230 quem
363 3163 429 3213 iiber
437 3163 565 3214 secuero·
572 3163 669 3228 publici
709 3168 821 3219 eucbore
827 3167 902 3231 jectu
912 3163 973 3213 mihi
984 3168 1031 3212 eet.
1047 3163 1124 3212 Nunc
1135 3162 1238 3213 demum

137 3239 203 3304 jurii
221 3237 308 3302 tieret,
327 3238 497 3302 compositum
516 3241 565 3300 ert,
583 3240 670 3302 potuit
709 3249 784 3293 resto
801 3241 863 3292 ieeei
879 3239 1051 3303 resipiscimus
1061 3244 1134 3301 ectu,
1141 3238 1238 3290 Neine·

143 3321 224 3366 mm
244 3313 292 3364 boc
309 3313 443 3377 Propertii
464 3328 529 3378 opu·
551 3314 670 3378 Cynthiae
710 3331 789 3382 reque
806 3317 840 3367 eri
861 3330 951 3366 uuum
970 3327 1039 3364 nunc
1057 3313 1143 3365 coiere
1162 3311 1240 3364 mee!

143 3389 296 3454 inruptum
313 3389 415 3440 nomine
433 3403 498 3438 noue
516 3388 582 3438 liber
601 3389 666 3451 dici3
710 3392 763 3444 Sed
780 3392 814 3442 de
833 3391 901 3442 libre
920 3391 1010 3457 quinto
1026 3404 1104 3456 quem
1116 3390 1240 3455 concepit

142 3464 293 3518 vitumno
306 3477 349 3515 ιιι.
359 3471 384 3515 b.
394 3469 434 3515 26.
451 3465 554 3514 bibrum
565 3465 670 3516 tertium
710 3467 865 3518 sententium
886 3465 1017 3527 Burtbiue,
1043 3479 1101 3515 eum
1128 3464 1160 3515 rb
1183 3465 1241 3530 ipro

142 3553 208 3592 runc
218 3546 276 3592 ⁷2⁰.
286 3541 328 3590 vei
338 3544 396 3591 ¹181.
412 3541 510 3591 editum
518 3551 577 3591 ecee
587 3556 670 3606 prom·
710 3540 851 3605 Propertio
862 3539 960 3590 editum
971 3552 1022 3589 uon
1034 3553 1100 3599 erce,
1114 3540 1180 3589 bruc
1191 3553 1239 3589 nor

143 3619 221 3668 urium
232 3633 264 3668 eo
276 3623 394 3680 tempore
409 3617 535 3682 rcriptum
550 3624 670 3668 terretur.
710 3615 737 3666 iu
748 3615 913 3666 mnoutione
928 3621 1019 3666 uorire
1033 3615 1106 3666 novit
1116 3628 1166 3664 nec
1177 3627 1242 3664 con·

144 3693 203 3746 Hoc
212 3695 336 3744 Brrtbiur
349 3707 449 3758 qnoque
464 3693 627 3755 videret,cui
637 3707 671 3744 ue
711 3689 1240 3755 tcmncudieergumeutieconiirmevimue.

143 3771 171 3820 in
180 3770 227 3820 boc
238 3770 343 3835 quidem
353 3783 479 3832 repugno,
487 3768 556 3834 quod
567 3768 670 3818 tertium
711 3766 869 3828 (luminum,
877 3780 935 3830 qum
944 3765 1136 3829 complectitur,
1142 3765 1240 3814 nulium

143 3852 313 3912 quurtnmque
331 3845 406 3894 simui
425 3845 509 3894 editoe
527 3844 671 3895 contendit.
711 3849 873 3906 porteunum
883 3845 941 3892 189.
953 3839 1079 3904 scripturo
1090 3853 1146 3888 erse
1158 3839 1240 3890 videri

143 3919 252 3974 Nullum
262 3919 331 3969 enirn
341 3920 368 3970 iu
379 3926 471 3972 neutro
488 3921 598 3972 Carmen
607 3921 672 3984 iegi-
709 3918 778 3970 idem
797 3917 919 3968 Burtirinr
936 3914 1080 3967 retiouibur
1098 3914 1183 3966 atteri·
1199 3923 1240 3966 or·

144 4000 186 4046 tur
197 4009 265 4044 curro
276 3997 334 4044 ttl.
344 3995 487 4058 perierim
506 3996 577 4046 ilium
589 3997 672 4061 iprum
710 3993 824 4058 tendit’]

143 4083 237 4122 cunum
245 4077 327 4120 certo
339 4069 388 4120 ribi
399 4070 513 4120 vindicet
527 4085 604 4120 uuum
614 4069 675 4122 iibri
744 4074 753 4103 ¹
774 4071 814 4122 Eu
828 4068 929 4120 illerum
941 4080 1047 4118 numero
1058 4069 1099 4118 eet
1110 4067 1189 4120 etium
1205 4081 1238 4120 ιι.

143 4145 239 4212 querit,
250 4149 291 4194 17.
312 4143 466 4210 inutraque
478 4147 595 4209 cynibre
606 4161 674 4198 emo·
712 4151 754 4197 iti.
766 4143 823 4196 coii.
834 4157 870 4194 rr.
880 4143 920 4192 21.
931 4155 988 4208 sqq.
1006 4141 1084 4193 lirin.
