2920 4770
197 299 241 366 dd
499 309 730 360 'rusmuorrrr
758 311 802 360 ru
825 311 980 360 suorum

563 520 659 586 Idem
671 517 781 603 Epist.
800 535 853 584 rx.
867 519 924 584 22.
1037 539 1043 550 ·

244 661 372 744 Magno
383 677 438 724 rue
450 655 777 724 sodoimdiuesreett
793 655 944 721 ruerent
952 654 1065 720 Puulli
1076 655 1245 736 ruletudo,
1261 667 1296 723 et

200 760 348 844 quidem,
360 759 511 844 plurimis
516 759 787 844 justissimisque
800 756 845 822 de
857 757 981 822 usuris.
995 757 1060 822 Vir
1073 762 1127 822 est
1135 759 1296 842 optimus,

200 861 468 938 honestissimus,
483 860 590 926 nostri
605 846 872 924 amentissimus:
894 865 1060 943 preterea
1072 859 1108 923 iu
1121 859 1226 925 literis
1241 879 1298 924 ve·

201 971 290 1028 teres
304 962 491 1038 tumuletur,
513 958 831 1045 exprimit,⁴reddit,
856 957 1069 1043 Propertium
1091 959 1257 1042 inprimis,
1276 977 1299 1024 u

159 1129 162 1134 .
200 1083 269 1146 qno
283 1081 387 1146 genus
400 1062 521 1144 doeit3·
533 1081 615 1129 veru
628 1061 778 1138 soboles,
791 1079 900 1145 eoque
920 1059 1089 1127 simillimo
1100 1060 1163 1139 illi,
1182 1061 1215 1126 iu
1230 1080 1299 1145 quo

201 1165 259 1230 ille
272 1165 475 1249 praeoipnus.
518 1163 556 1231 Si
571 1164 693 1248 meges
706 1163 783 1248 ejus
806 1164 840 1228 in
860 1181 996 1227 manum
1019 1163 1192 1241 sumseris,
1209 1162 1300 1245 leges

201 1285 288 1349 opus
298 1271 436 1343 tersum,
450 1265 564 1342 molle,
574 1263 772 1350 jucundum,
785 1271 818 1331 et
832 1265 930 1349 plene
953 1267 987 1330 iu
1009 1263 1175 1350 Propertii
1197 1263 1298 1328 domo

202 1367 374 1451 seriptum.

561 1517 601 1583 1..
616 1517 783 1602 Apuleius
798 1514 943 1602 Apolog.

247 1652 318 1720 Hic
345 1651 427 1718 illud
453 1653 555 1720 etism
582 1651 776 1735 reprehendi
796 1651 1073 1732 animadvertisti,
1099 1653 1300 1735 quodcum

204 1753 281 1819 aliis
302 1755 492 1820 nominibus
513 1754 607 1837 pueri
630 1758 799 1832 vocentur,
814 1773 876 1834 ego
900 1773 963 1818 eos
986 1752 1168 1820 Charinum
1180 1759 1215 1820 et
1228 1753 1302 1819 Gri-

194 1855 286 1920 ·tium
300 1853 535 1938 appellituriru.
580 1853 706 1918 Eadem
720 1855 820 1935 igitur
839 1873 944 1937 opera
958 1861 1119 1922 accusent
1132 1853 1171 1919 G.
1186 1854 1301 1921 Catul-

204 1954 285 2032 lum,
301 1952 565 2038 quodlssoiam
575 1972 637 2038 pro
652 1953 774 2020 clodia
786 1955 978 2020 nominarit:
993 1959 1027 2020 et
1040 1953 1195 2022 Ticidam
1209 1955 1301 2022 simi·

204 2054 291 2132 liter,
306 2055 411 2140 quod,
425 2075 501 2139 quto
516 2055 656 2124 Metella
668 2061 750 2134 erut,
775 2056 933 2122 Perillam
952 2057 1140 2142 scripseritt
1161 2065 1196 2124 et
1219 2057 1302 2124 Pro-

205 2156 359 2239 pertium,
373 2157 431 2240 qui
446 2156 622 2240 Cynthium
637 2158 739 2235 diost,
749 2156 909 2223 Hostium
921 2155 1128 2227 dissimulet:
1141 2164 1175 2226 et
1187 2159 1303 2226 Tibul·

206 2254 288 2337 lum,
299 2255 388 2342 quod
400 2259 432 2322 oi
446 2259 492 2322 sit
503 2258 625 2324 Plauin
639 2261 673 2325 in
687 2259 812 2335 auimo,
828 2258 931 2324 Deliu
944 2259 978 2324 iu
993 2279 1101 2326 versu.

259 2439 298 2504 1..
314 2436 473 2505 Caeoilius
484 2441 681 2508 Lactantius
697 2442 896 2524 Firmipnus,
914 2443 1027 2509 Diviu.
1042 2443 1152 2510 lustit-
1168 2459 1208 2508 rr.
1219 2444 1250 2508 6.

162 2633 167 2641 ,
251 2571 430 2651 Romulus,
447 2575 560 2640 urbem
575 2575 782 2652 conditurus,
799 2583 967 2660 pastores,
988 2577 1069 2642 inter
1087 2597 1174 2662 quos
1192 2579 1305 2644 ndole·

207 2680 314 2748 vernt,
342 2673 551 2742 convocavit.
594 2674 744 2762 Cumque
769 2678 800 2742 is
830 2697 984 2744 uumerus
1013 2677 1198 2748 condendus
1227 2680 1304 2744 urbi

208 2794 327 2859 purum
350 2774 491 2840 idoneus
515 2776 693 2857 videretur,
718 2779 888 2844 constituit
912 2780 1053 2864 asylum.
1103 2780 1156 2845 Eo
1176 2781 1304 2864 possim

208 2875 427 2957 conlugenrnt
440 2894 484 2940 ex
499 2875 646 2941 finitimis
660 2879 746 2944 loeis
761 2879 898 2962 pessimi
913 2881 1049 2964 quique,
1062 2881 1132 2946 siue
1142 2881 1211 2946 ullo
1225 2900 1305 2946 oou·

209 2976 348 3043 ditionis
362 2975 565 3045 discrimine.
589 2977 647 3045 ltu
661 2981 819 3048 ouufluvit
834 3003 879 3048 ex
892 2982 945 3048 his
956 2983 1110 3047 omuibus
1123 2983 1304 3067 populum

135 3123 137 3130 .
207 3077 351 3163 legitque
379 3077 415 3143 in
438 3087 590 3147 seuutuur
619 3101 678 3148 eos
706 3083 765 3168 qui
790 3089 890 3149 utute
915 3084 1096 3162 anteibant,
1121 3090 1155 3150 et
1184 3075 1305 3148 Patres

208 3181 406 3266 appellavit,
421 3201 557 3267 quorum
572 3185 713 3249 oonsilio
726 3191 856 3267 gereret
870 3187 989 3250 omnin.
1034 3185 1087 3250 De
1102 3203 1169 3268 quo
1183 3193 1304 3250 senatu

208 3281 407 3365 Propertius
421 3283 606 3366 Eleginrum
621 3287 764 3371 scriptor
774 3287 848 3352 lineo
861 3287 1028 3370 loquitur:

252 3382 367 3460 curin,
382 3391 548 3468 pretextu
562 3403 641 3470 quse
653 3407 741 3454 noue
755 3390 839 3456 nitet
852 3387 924 3454 nitu
937 3393 1068 3464 renutu,

294 3483 435 3550 Pellitos
450 3484 575 3566 hebuit,
588 3490 713 3554 rustica
722 3489 837 3567 cordo,
851 3495 973 3573 putres.

253 3584 406 3650 Buooius
422 3589 561 3670 cogebat
575 3589 708 3672 priseos
722 3589 765 3653 nd
782 3592 884 3656 verbu
897 3587 1055 3667 Quirites,

295 3685 437 3754 Centum
450 3687 503 3754 illi
516 3688 550 3754 iu
562 3697 661 3774 prato
676 3709 771 3776 steps
786 3697 922 3756 senatus
936 3697 1015 3755 erat.

210 3871 382 3942 &sollius
390 3870 1306 3959 Apollinarissidouius,Arvernordlpisellpist.tulli.

253 4002 355 4070 Certe
370 4007 410 4085 ri,
430 4011 550 4089 prester
570 4025 639 4071 rem
654 4005 845 4084 oratorium,
860 4003 1074 4070 eontuluruio
1085 4001 1307 4084 foeminumm,

211 4105 386 4190 politicum
404 4107 587 4190 ingenium,
600 4114 634 4173 et
647 4109 716 4172 oris
735 4109 784 4173 tui
807 4107 919 4172 liuram
944 4106 1161 4189 frequentium
1180 4105 1306 4177 studio.-
