2920 4770
433 319 519 370 snx.
541 319 632 370 rur.
658 319 860 371 rnornnrrr
884 323 985 376 vrrs.
1220 313 1265 380 97

161 481 226 548 qua
250 463 364 529 omnia
388 465 476 530 satis
499 466 720 550 probabiliter
739 467 907 534 eolraerere
929 469 1027 536 uobis
1054 457 1263 554 uidebmtu‘r,

162 559 292 648 sibique
301 563 451 630 invicem
459 567 682 650 respondere3
699 587 887 653 quanquam
896 589 1004 656 neque
1012 591 1143 656 negare,
1152 594 1262 660 neque

160 665 346 730 iulioiasire
359 666 528 746 volumus,
540 687 663 733 annum
676 668 751 735 697.
761 687 862 755 quem
869 669 1017 756 Vulpius
1033 672 1156 740 Nostri
1167 684 1262 742 nata·

161 764 227 831 lem
241 769 373 845 statuit,
388 787 555 853 quemque
575 767 848 854 lelchristoph.
871 770 1037 851 Gatterer,
1057 773 1094 838 in
1114 778 1125 808 ‘
1142 773 1261 840 Hand-

160 865 251 932 buelr
265 867 325 934 der
340 867 675 935 Universallristorie'
690 870 733 936 P.
748 887 772 934 1.
790 890 828 955 p.
846 871 921 937 933.
937 873 1068 958 utrique
1089 873 1210 958 petitae,
1226 885 1261 944 et

159 967 296 1036 Tibullo
315 979 352 1036 et
374 971 559 1056 Propertio,
574 971 742 1040 vindieat:
763 971 925 1060 (namque
940 972 983 1038 A.
999 974 1161 1042 163996
1175 978 1260 1044 inei-

160 1069 210 1136 dit
223 1071 257 1137 iu
271 1069 316 1136 A.
332 1070 376 1136 U.
393 1071 431 1137 G.
444 1070 539 1155 697.)
551 1073 661 1156 prime
678 1073 789 1140 fronte
804 1073 1046 1158 praeferendum
1059 1077 1261 1160 quibusdam

159 1171 266 1239 videri
280 1193 394 1258 posse.
438 1173 507 1240 Sed
521 1194 629 1263 neque
649 1193 713 1241 uos
734 1174 873 1242 multum
894 1175 1120 1242 aberrabimus
1133 1196 1155 1242 a
1168 1197 1258 1244 vero.

160 1271 305 1340 Ovidius
320 1276 408 1342 enim
421 1277 478 1344 Tr.
492 1294 543 1341 ιν.
557 1278 610 1344 16.
624 1277 766 1342 cll-54.
780 1276 877 1363 (coll.
894 1293 934 1341 11.
949 1297 1001 1344 vs.
1014 1277 1192 1358 466-67.)
1207 1281 1259 1346 sie

159 1382 293 1441 enarrat
313 1382 464 1462 tempora
484 1375 662 1462 poetarum
679 1397 756 1444 aevo
770 1398 833 1444 suo
849 1379 1200 1459 celebratissimomm,
1219 1389 1259 1446 ut

160 1473 309 1558 Gallum,
339 1476 529 1563 Virgilium,
557 1478 742 1558 Tibullum,
774 1479 964 1560 Horatium,
989 1499 1058 1547 nou
1082 1485 1151 1548 tam
1172 1484 1258 1548 inter

158 1578 313 1657 ἡλικιώτας
327 1589 362 1647 et
376 1583 473 1669 plane
498 1579 675 1668 συγχρόνους
689 1582 768 1660 sibi,
788 1581 850 1650 sed
862 1582 946 1648 inter
958 1589 1135 1648 veteranos
1148 1601 1189 1649 ae
1203 1604 1257 1648 se-

158 1682 270 1748 niores
292 1684 391 1770 quasi
416 1680 538 1768 pobtas
560 1689 742 1748 recenseat.
795 1683 1010 1765 Propertium
1031 1699 1111 1748 vero
1134 1681 1256 1750 diserte

157 1801 208 1849 vs
222 1784 277 1850 46.
293 1786 344 1850 ait
357 1784 423 1850 sibi
432 1785 510 1870 jure
525 1783 670 1850 sodalitii
678 1783 959 1868 junctumfuisse‚
974 1782 1256 1867 quemadmodum

158 1885 259 1950 otium
274 1884 453 1951 Ponticum
475 1889 511 1951 et
530 1884 690 1963 Bassum,
705 1885 927 1952 amicissimos
941 1884 1115 1968 Propertio
1128 1888 1255 1964 nostro,

158 1983 268 2050 dulcia
281 1985 384 2051 refert
397 1985 572 2054 convictus
587 1982 755 2052 suiluisse
765 1987 931 2056 membra:
954 1983 1148 2072 ‘Temporis
1161 1985 1256 2052 illius

157 2086 251 2154 colui
264 2085 403 2171 fovique
418 2086 559 2173 poetae3
580 2086 740 2171 Quotque
753 2087 893 2154 aderaut
904 2091 1009 2164 vates,
1022 2087 1118 2153 rebar
1130 2086 1255 2154 adesse

157 2187 263 2255 Deos.
308 2189 410 2273 Saepe
424 2208 506 2256 suas
520 2189 673 2256 volucres
686 2189 766 2272 legit
785 2187 867 2254 mihi
881 2187 1036 2272 grandior
1050 2208 1136 2269 aevo,
1151 2188 1254 2270 Que-

158 2309 224 2374 que
248 2297 348 2356 necet
373 2310 520 2376 serpens,
535 2309 612 2376 quae
631 2290 731 2375 juvet
748 2290 864 2369 herba,
884 2291 1011 2357 Macer.
1055 2291 1157 2374 Saepe
1170 2307 1255 2358 suos

157 2391 279 2457 solitus
303 2391 443 2458 recitare
465 2390 665 2475 Propertius
688 2390 793 2474 ignes,
814 2389 897 2456 Jure
919 2391 1067 2458 sodalitii
1088 2393 1148 2475 qui
1171 2390 1254 2460 mibi

150 2493 289 2578 junctus
317 2499 396 2560 erat
448 2492 618 2562 *Pouueus
649 2491 780 2571 Heroo‚
811 2493 942 2558 Bassus
970 2512 1108 2579 quoque
1140 2493 1252 2560 clarus

56 2655 60 2662 .
155 2594 276 2662 lambo
305 2595 432 2662 Ilrrleia
459 2596 636 2662 convictus
659 2595 808 2661 membra
830 2593 924 2659 luere
951 2597 1029 2661 mei.
1081 2593 1128 2659 Et
1148 2593 1253 2660 tenuit

155 2703 290 2762 neumas
314 2715 513 2762 numerosus
543 2695 711 2762 Horatius
741 2713 850 2775 aures,
880 2695 971 2762 Dum
993 2694 1071 2764 ferit
1098 2694 1252 2762 Ausonia

155 2799 303 2864 earmina
331 2798 421 2864 eulta
448 2798 531 2882 lyra.
575 2797 755 2880 Virgilium
783 2798 855 2863 ridi
883 2803 1026 2864 tautum:
1056 2815 1118 2863 nee
1149 2813 1253 2864 avara

153 2899 292 2966 Tibullo
307 2898 456 2984 Tempus
468 2899 626 2966 amicitiae
641 2900 714 2964 inte
725 2897 848 2965 dedere
859 2919 953 2966 meae.
989 2899 1173 2966 Suooessor
1186 2897 1252 2964 luit

153 2999 209 3066 bie
233 3001 307 3080 tibi,
322 2999 443 3084 Galle3
464 3001 663 3088 Propertius
677 3002 748 3084 illi;
771 3000 918 3080 Quartus
936 3001 980 3067 ab
1001 3001 1054 3066 bis
1071 3001 1156 3068 serie
1169 3005 1251 3066 tem·

153 3103 249 3188 poris
263 3104 337 3188 ipse
352 3102 422 3168 lui?

190 3203 367 3270 Cornelius
376 3203 498 3270 Gallus
509 3202 591 3270 totis
601 3203 697 3270 aunis
707 3203 761 3270 66.
773 3200 909 3289 (nempe
918 3201 1012 3268 A.U.
1023 3199 1162 3285 cest)
1170 3209 1249 3268 ante

153 3303 317 3370 Ovidium
328 3309 438 3384 uatus,
452 3304 539 3370 obiit
552 3312 659 3370 morte
674 3303 863 3370 voluntaria
876 3301 918 3368 A.
931 3303 976 3374 U.
985 3303 1025 3369 6.
1038 3301 1116 3372 728.
1132 3322 1249 3370 seeun-

153 3406 235 3472 dum
248 3406 394 3472 eundem
409 3406 561 3472 Donsam
579 3407 602 3473 l.
618 3427 648 3472 c.
664 3407 762 3490 cujus
777 3406 923 3474 rationes
937 3405 1040 3472 etiam
1055 3405 1248 3472 Burmanuo

153 3507 230 3574 Sec.
240 3509 375 3593 probari
383 3508 483 3574 video
493 3509 535 3574 ad
547 3507 682 3574 Anllrol.
698 3507 772 3575 Lat.
803 3507 961 3573 Tibullus
969 3509 1116 3574 nascitur
1129 3525 1249 3574 seeum

153 3607 235 3674 dum
244 3609 398 3675 Donsam
413 3608 455 3674 A.
467 3609 542 3676 697.
557 3615 594 3674 ul
606 3609 694 3673 inter
706 3609 793 3674 huue
807 3614 842 3676 et
855 3608 1140 3676 Gallunianum
1150 3609 1247 3675 iuter·

148 3709 235 3794 jeeti
248 3709 324 3787 siut,
337 3709 544 3794 totidemque
559 3710 678 3775 deutur
688 3709 865 3776 intervallo
879 3729 987 3794 usque
1002 3711 1045 3778 ad
1059 3709 1175 3775 Ovidii
1188 3727 1247 3774 na·

152 3811 254 3878 tales.
291 3809 486 3896 Propertius
495 3815 604 3876 tumen
613 3812 782 3878 suecessit
793 3811 942 3892 Tibullo,
954 3813 1044 3877 sicut
1057 3813 1133 3895 ipse
1148 3808 1247 3876 Naso

152 3911 334 3998 Propertio
355 3918 483 3978 nostro.
527 3910 598 3978 Hic
613 3919 701 3979 certe
714 3931 782 3979 non
795 3914 973 3997 pauciores
986 3929 1087 3996 quarn
1100 3909 1132 3974 6.
1148 3911 1201 3977 vel
1214 3911 1246 3978 8.

153 4012 233 4078 anui
260 4012 344 4080 inter
365 4017 540 4100 utrumque
563 4014 690 4079 assumi
718 4031 817 4098 posse
843 4011 1007 4077 videntur.
1050 4011 1247 4100 Propertius

153 4133 287 4200 quoque
302 4116 440 4202 propior
451 4114 559 4182 adhue
574 4114 704 4184 Nasoni
717 4114 822 4184 tuisse
836 4113 940 4182 videri
963 4114 1083 4200 possit,
1106 4114 1186 4186 duur
1208 4131 1246 4180 sa
