2888 4768
214 279 279 347 262
461 355 464 360 ,
542 293 970 346 s.nunur.11ruornnrn

215 439 284 506 Sed
298 439 394 506 vobis
408 439 507 504 facile
521 432 573 504 eet
585 440 689 502 verbu
703 443 737 503 et
750 455 950 522 componere
965 436 1120 502 frendes:

258 539 337 605 Hoc
352 560 456 606 unum
471 540 591 606 didicit
604 539 742 605 soeminn
756 555 886 622 semper
899 557 996 622 opus.

216 637 294 705 Non
308 643 359 706 sic
373 642 499 708 incerto
514 649 682 707 mutentur
695 641 829 705 flumine
844 639 969 723 Syrtes,

258 741 333 808 Nec
348 743 432 808 iolie
445 743 592 827 hyberno
607 747 674 808 trun
688 741 882 808 tremefacta
897 741 1010 822 Noto;

216 842 328 923 Quem
344 843 939 910 citoioemineononconstatfoedus
954 842 1062 919 inire,
1265 837 1308 903 35

258 943 338 1010 Sive
354 965 396 1010 on
410 965 516 1014 cause
530 947 653 1029 gravis,
667 946 739 1010 eive
752 963 794 1008 ee
809 962 911 1008 cause
924 943 1019 1007 levis.

216 1045 329 1123 Nunc,
339 1049 498 1131 quoniam
511 1049 576 1112 istu
591 1049 652 1113 tibi
666 1047 796 1130 placuit
810 1043 982 1123 sententie,
998 1041 1126 1107 cedam.

258 1145 354 1223 Tela,
368 1167 494 1230 precor,
509 1149 617 1232 pueri,
631 1146 773 1231 promite
788 1152 889 1210 acuta
902 1143 1008 1228 magis
1020 1164 1029 1223 ;

217 1245 327 1330 Figite
342 1256 518 1328 certantes,
534 1257 636 1332 etque
648 1249 733 1313 hanc
749 1247 831 1311 milri
843 1245 963 1311 solvite
977 1245 1097 1310 vitem:

259 1347 403 1432 Sanguis
416 1351 479 1415 erit
493 1352 589 1416 vobis
603 1350 751 1414 maxima
765 1348 878 1432 palma
891 1365 993 1412 meus.
1264 1347 1306 1409 to

218 1545 313 1596 Oceene
322 1546 464 1595 retineretur
473 1543 604 1610 inpedire?
612 1547 656 1596 ..it
666 1546 729 1596 eebis
738 1551 855 1608 premiere
869 1551 903 1594 ent
913 1531 1036 1595 nannai
1044 1545 1148 1606 doletque
1158 1541 1290 1606 eestfingere
1296 1559 1307 1600 ,·

215 1610 280 1660 itud
290 1610 383 1658 nnicm
394 1625 451 1672 epus
461 1613 544 1658 nulier
553 1611 716 1674 neebeensper
723 1608 834 1660 efficere.
867 1611 942 1659 ΗΜ
957 1615 1007 1658 turn
1022 1609 1116 1657 leviter
1132 1606 1217 1670 Syrtes
1230 1607 1309 1654 ineen-

215 1673 289 1722 dnnti
299 1673 442 1737 ancipitique
451 1679 518 1722 cente
528 1679 707 1735 emnnetcntnr,
716 1673 890 1737 nequesrendee
909 1675 973 1722 Nelo
988 1672 1113 1736 precellere
1128 1674 1309 1731 connivente,

216 1751 285 1799 quesn
295 1735 370 1795 sncile
383 1738 506 1786 ereliernns
521 1753 586 1786 rerer
595 1739 731 1801 deperditur
740 1743 783 1786 eui
794 1742 900 1786 netem
909 1737 1040 1798 iracundia,
1050 1750 1091 1784 een
1098 1735 1182 1797 proris
1192 1742 1221 1783 et
1228 1734 1309 1797 jorte,

215 1815 257 1848 ees
264 1801 322 1848 leeis
330 1799 400 1849 edrit
407 1816 487 1850 cern.
502 1803 560 1850 dese
568 1817 617 1866 ego
627 1817 643 1851 e
655 1802 834 1860 vite‘decsdcm,
843 1801 1027 1864 quandoquidem
1037 1799 1084 1848 istu
1094 1799 1172 1847 enine
1179 1804 1221 1848 teo
1230 1799 1308 1846 wlue-

215 1867 254 1912 inr
262 1863 339 1914 redii:
355 1880 372 1913 ο
441 1865 456 1925 ¹,
465 1879 549 1927 quaem
559 1866 700 1916 oculicribns
711 1881 751 1914 me
762 1866 858 1926 regillis
866 1865 991 1940 configite:
1006 1864 1115 1912 certetirn
1126 1875 1167 1911 me
1182 1861 1308 1922 confodite,

215 1927 330 1990 intumque
344 1879 494 1984 timens
508 1929 602 1994 eripite.
636 1931 713 1980 Grner
723 1945 787 1978 meus
797 1929 861 1978 cebir
875 1933 922 1978 ent
938 1927 1082 1990 anquene
1092 1927 1200 1976 maerin.
1233 1925 1308 1975 deire

671 2055 831 2076 oeeooemu
834 2055 848 2074 0

114 2115 123 2132 '
215 2142 283 2186 mn
298 2134 381 2187 mer
397 2135 511 2186 uererer
530 2136 634 2201 quidem
652 2137 677 2187 rr
697 2145 785 2201 ponet
802 2137 917 2188 noratur
933 2152 966 2187 ex
981 2137 1022 2187 ur.
1038 2141 1079 2187 es.
1091 2135 1141 2186 err
1158 2137 1306 2185 nune-er

215 2203 276 2250 Fer.
288 2205 312 2249 et
328 2199 418 2250 Heius.
446 2201 527 2250 rtem
543 2215 591 2265 pro
603 2201 706 2260 sreeder
725 2203 810 2252 Pelet.
831 2201 954 2251 eod-ee
972 2203 1073 2251 incerte
1089 2201 1175 2250 Pelet.
1194 2205 1219 2251 1.
1238 2197 1307 2263 qood

210 2263 287 2329 jubet
302 2264 447 2314 Bormanon
463 2263 654 2327 preferendum
671 2267 712 2315 vel
728 2281 793 2315 unus
809 2266 924 2316 Sallustii
942 2267 1023 2327 locus,
1039 2265 1083 2317 dn.
1100 2269 1142 2313 tib.
1159 2263 1204 2314 nbi
1218 2264 1309 2327 Syrtes

216 2325 357 2377 describit:
374 2328 433 2378 ‘lte
447 2326 527 2378 series
540 2329 651 2378 locorum
664 2343 721 2378 curn
731 2331 818 2379 ventis
832 2330 906 2379 simul
918 2329 1051 2380 mutetur.’
1071 2329 1171 2378 unctu.
1183 2328 1308 2377 Veterum

215 2391 278 2440 locie
297 2397 434 2456 utrumque
453 2389 578 2454 defendit,
596 2394 730 2452 et‚ineerie
749 2394 775 2442 iu
793 2400 893 2443 textum
910 2393 1032 2443 admittit.
1065 2393 1177 2442 Mutetur
1186 2389 1211 2451 s.
1229 2391 1309 2455 Syrte

216 2456 281 2505 Erre.
293 2454 431 2504 Mod-er
447 2457 505 2505 dens
522 2461 555 2505 tr.
575 2457 660 2506 Pelet.
680 2457 786 2506 membr.
807 2465 835 2507 et
854 2457 1002 2507 lond-88
1018 2457 1119 2506 ‘Prenn
1136 2465 1178 2505 est
1194 2455 1222 2504 in
1238 2467 1307 2504 omn.

214 2519 324 2568 membr.
334 2520 461 2584 quomedo
472 2521 497 2569 in
508 2521 560 2570 euin
571 2535 673 2587 quoqne
682 2521 807 2584 Scaliger,
819 2521 903 2571 Lirin.
914 2529 942 2572 et
952 2522 1035 2571 (ieblu
1046 2525 1212 2571 invenemutt
1229 2525 1309 2568 recte.

214 2583 299 2646 finire
314 2585 424 2647 primnrn
442 2585 587 2647 comperuit
598 2586 623 2634 in
637 2585 714 2635 Aldd.
727 2585 794 2635 unde
806 2600 857 2635 nen
868 2599 932 2635 rene
943 2587 1056 2635 arbitror
1067 2592 1240 2634 commentum
1250 2595 1308 2632 erse

215 2648 331 2705 Aventii,
346 2648 389 2712 qui
408 2647 434 2697 iu
452 2662 483 2697 ee
499 2646 603 2698 officina
619 2650 712 2699 multos
727 2652 866 2714 scriptores
883 2650 962 2699 bonos
972 2649 1039 2699 melo
1050 2649 1185 2711 mangonio
1196 2649 1308 2710 interpe-

215 2712 295 2762 lerit.’
311 2711 418 2762 Breulele.
450 2713 498 2761 ⁴T.
511 2714 603 2775 quidem
616 2713 699 2764 Pelet.
710 2719 734 2764 2.
746 2714 776 2763 C.
795 2715 866 2763 Com.
883 2713 979 2764 Dresd.
1000 2715 1054 2776 Fiq.
1073 2713 1178 2762 transiit
1193 2712 1220 2760 ie
1232 2711 1306 2773 reliq.

215 2775 276 2825 edd.
295 2775 372 2824 etism
391 2776 479 2825 (ires.
501 2777 594 2825 nond!
613 2777 699 2828 florib.
740 2779 869 2827 Numeret
887 2779 1049 2828 Burmannus
1068 2777 1150 2828 Colin.
1162 2775 1262 2839 Grypln
1283 2780 1307 2822 b.

216 2837 311 2887 Roulll.
328 2838 368 2887 ld.
383 2853 458 2900 prens.
475 2839 599 2897 vindicet,
617 2840 685 2906 quod
707 2842 830 2891 exhibent
846 2842 877 2890 B.
889 2843 921 2890 B.
934 2843 964 2891 B.
976 2843 1071 2891 rn-ee
1087 2841 1114 2890 S.
1124 2855 1205 2888 eureis
1214 2839 1306 2888 rietur.

216 2915 249 2950 ex
260 2901 319 2950 cod.
330 2901 465 2966 Sceligeri,
475 2904 544 2967 quod
556 2904 661 2954 defendi
672 2920 757 2970 porse,
766 2913 793 2954 et
804 2905 845 2955 bic
855 2919 883 2953 se
894 2904 1019 2968 preferre
1033 2907 1082 2955 Vit.
1091 2905 1209 2954 declaret
1220 2903 1307 2952 Burm.

218 2965 307 3015 cnran
321 2973 349 3016 et
359 2965 425 3017 Bon.
436 2966 480 3032 qni
490 2976 578 3018 temen
595 2969 621 3018 in
633 2983 713 3034 marg.
728 2970 773 3019 eit.
784 2969 935 3020 tebet—eo
947 2969 1023 3019 Nebis
1038 2983 1069 3020 nt.
1086 2985 1113 3034 p.
1129 2969 1188 3018 neeis
1203 2967 1306 3017 nrm-

710 3133 815 3186 NorAE

246 3245 279 3291 tt
295 3242 388 3292 incerte
402 3243 503 3307 fierine
524 3245 621 3310 Syrtes]
650 3247 740 3312 Syrtes
781 3261 829 3297 nus
840 3259 918 3311 eqner
929 3260 986 3296 cum
998 3244 1095 3296 fuderit
1105 3242 1220 3295 Auster!

216 3317 274 3366 duee
284 3316 390 3368 fuerunt
401 3320 427 3368 in
439 3321 507 3370 Meri
520 3320 654 3387 Africano,
672 3338 741 3387 meg·
813 3327 844 3372 ib
864 3323 941 3378 Qum
952 3321 1117 3381 divisibili*
1131 3321 1158 3370 θ’·
1174 3319 1225 3382 Ἦ]
1249 3317 1306 3369 Mo·

213 3392 331 3442 nitudiue
343 3395 464 3456 imperet,
476 3411 551 3459 peres
562 3405 670 3464 netnrs;
683 3415 741 3464 que
782 3397 847 3448 biles
859 3405 886 3448 et
897 3398 1071 3448 inequitantes
1081 3396 1243 3448 feminarum
1254 3396 1307 3446 eni·

214 3465 406 3530 intempestate
415 3469 516 3519 vedorre
526 3465 628 3534 suntet
636 3475 742 3539 inques,
782 3488 837 3524 mos
848 3479 980 3537 comperet
989 3481 1121 3524 ventorum
1129 3472 1241 3535 leritstl,
1250 3473 1308 3533 Syr·

214 3541 259 3591 ubi
270 3555 341 3591 mere
360 3556 480 3606 maguum
492 3559 549 3594 eree
560 3555 588 3596 et
600 3549 682 3598 rentie
694 3565 741 3599 se·
783 3551 897 3614 tinmque
906 3548 1151 3612 rentisnpitsternm
1160 3545 1307 3609 mobilitati,

214 3617 271 3666 rire
293 3616 383 3681 cepit,
404 3616 501 3680 limum,
523 3631 689 3687 arenamque,
716 3631 743 3673 et
783 3625 877 3689 quibnr
897 3623 962 3674 dicit
983 3623 1069 3687 potins
1090 3635 1146 3673 esse
1164 3620 1306 3683 fidendum,

118 3749 122 3762 Ι
215 3707 278 3743 sexn
297 3691 413 3758 iugentia
429 3691 525 3744 ductui
548 3695 662 3747 uehunt.
701 3698 742 3748 De
783 3713 860 3763 quem
871 3699 1005 3748 mulierum
1016 3696 1103 3748 emori.
1132 3731 1134 3734 -

214 3769 316 3832 bisjem
329 3784 385 3833 nup.
398 3769 522 3834 pluribn's.
814 3777 846 3822 ³8
865 3768 1138 3837 memmimus]
1157 3769 1306 3834 Alloquitur

246 3848 278 3894 tt
295 3843 370 3908 Note]
398 3845 482 3896 Notus
501 3848 741 3900 rentnsernerldle
781 3847 931 3912 Cupidines,
949 3861 1015 3912 ques
1033 3847 1120 3910 plures
1140 3859 1197 3896 esse
1212 3843 1308 3914 qigniti·

213 3921 322 3984 epirens,
335 3921 380 3985 qni
399 3929 428 3971 et
450 3920 546 3972 Arreter
562 3930 739 3986 nuncupetur:
781 3928 836 3983 cet,
855 3929 979 3986 rogetque
1001 3926 1031 3970 nt
1050 3921 1178 3972 acutiores
1198 3918 1306 3984 segitem

214 3993 310 4044 dicltnr
337 3991 511 4062 ‘hybernn's,'
534 3998 594 4063 qnis
614 3998 740 4063 procellos
780 3997 908 4062 estbreit,
927 4005 958 4048 ut
985 3997 1036 4048 ribi
1057 3998 1134 4049 citius
1152 3997 1208 4050 rite
1232 3997 1307 4060 eripi·

212 4067 285 4130 iecit,
295 4067 405 4121 effundit
415 4073 514 4136 pluries
522 4087 553 4124 ec
561 4079 739 4138 tempestates.
779 4081 846 4125 etur.

214 4143 258 4193 Sic
268 4144 361 4198 Tibull.
371 4161 390 4197 r.
401 4153 425 4198 1.
442 4149 450 4178 ‘
461 4149 516 4202 Aut
535 4149 634 4214 peliden
645 4149 738 4215 hyber-
