2920 4770
479 305 552 360 ren
576 309 704 362 ursos
728 307 901 362 oronsrs.
1193 293 1238 364 st

136 448 308 540 Propertii
321 459 473 522 mortuus
492 455 538 522 sit
556 471 696 522 necesse
713 462 775 524 est.
820 455 979 540 Vulgaris
999 459 1078 538 post
1102 453 1142 521 P.
1162 453 1236 523 Gri-

135 557 240 621 nitnm
265 557 444 634 metentis,
472 575 574 644 quem
597 562 630 621 et
654 556 864 622 Muitteirius
888 563 923 622 et
942 555 1096 634 cmsius,
1121 555 1236 643 Angli,

18 681 19 716 r
135 665 334 742 sequuntur,
356 657 434 736 sert,
456 675 542 737 enm,
565 658 608 723 L.
631 657 819 724 Antonium
833 665 995 737 secutum,
1018 660 1054 724 in
1076 659 1237 726 Perusino

136 759 232 826 ebus
245 761 431 838 interiisse,
454 765 489 824 et
503 759 547 824 ud
561 779 654 826 erem
669 761 752 826 Divi
765 760 790 826 J
791 761 853 826 ulii
868 779 945 826 eum
967 759 1043 825 eliis
1066 761 1234 844 equitibus

136 879 176 924 eo
189 860 406 926 senatoribus
428 860 636 926 imoletum
658 860 776 927 fuisse.
820 861 1000 926 Enimvero
1024 861 1114 928 hund
1136 862 1236 929 dubie

135 960 213 1027 iulsi
227 966 319 1040 sunt,
338 962 423 1028 hene
445 962 597 1045 omplexi
616 962 822 1047 opinionem.
847 962 1024 1048 namque
1040 979 1092 1030 ιν.
1110 964 1141 1029 1.
1160 963 1235 1030 130.

134 1067 145 1097 ‘
155 1063 290 1148 pertice
303 1061 431 1142 unns:
444 1083 521 1148 quae
531 1063 566 1128 in
578 1062 624 1129 A.
633 1063 678 1130 U.
690 1064 767 1131 ⁷13.
779 1064 906 1142 incidit,
915 1065 1127 1149 subjungitur
1135 1067 1234 1132 morti

135 1165 241 1250 petris
252 1164 359 1250 Prop.
374 1184 452 1230 onm
464 1164 631 1231 Perusino
645 1165 771 1232 deditio
785 1167 822 1232 in
836 1166 880 1233 A.
893 1166 939 1232 U.
951 1171 1145 1253 sequentem
1158 1167 1234 1233 714.

135 1267 270 1331 damn
294 1263 431 1331 incidet
476 1265 602 1351 Neque
626 1265 735 1333 Po'ete
752 1267 829 1335 herc
851 1273 1001 1352 tempore
1023 1265 1177 1351 Augusto
1189 1269 1236 1334 in

134 1367 332 1434 memoriam
359 1372 578 1434 revocaturus
600 1369 708 1434 fuisse
732 1369 877 1436 videtur.
930 1369 1070 1436 Phreeis
1095 1389 1235 1454 quoque

135 1475 146 1505 ‘
161 1489 245 1536 ossa
257 1468 385 1554 legere’
407 1469 533 1535 indicet
543 1467 633 1551 bend
647 1469 804 1548 obscure,
818 1475 947 1555 petrem
961 1469 1128 1556 Propertii
1142 1469 1235 1537 domi

134 1574 251 1657 potius
264 1591 338 1638 snm
352 1579 538 1653 mortnnm3
559 1589 640 1637 num
655 1590 699 1637 ex
714 1573 852 1638 vnlnere
866 1572 902 1636 in
916 1591 958 1638 eo
972 1573 1059 1638 bello
1075 1579 1232 1658 noeepto,

134 1691 180 1737 sn
194 1691 241 1739 ex
255 1672 373 1738 dolore
384 1691 521 1758 quoqne
533 1671 576 1737 de
590 1671 682 1737 loma
695 1691 846 1756 agrorum
860 1671 1024 1738 militibus
1035 1671 1235 1739 distribuen-

134 1773 267 1854 dorum,
294 1775 466 1841 incertum.
525 1774 606 1840 Hoe
629 1774 838 1840 dubitatione
862 1779 963 1855 oeret,
994 1775 1104 1860 politae
1131 1775 1236 1842 nostri
1337 1845 1341 1854 ,

135 1881 273 1943 erstem
289 1883 359 1942 tum
380 1875 491 1941 adhue
511 1878 660 1941 tenerum
674 1873 793 1956 luisse,
811 1893 887 1941 oum
902 1881 998 1960 peter
1010 1875 1078 1962 ipsi
1091 1875 1234 1961 eripere·

14 1993 15 2004 *
134 1983 206 2044 tur:
226 1977 298 2046 vid.
313 1975 359 2044 A.
375 1975 420 2042 U.
433 1975 511 2042 714.

485 2124 561 2176 Ml.
573 2124 602 2177 c.
617 2128 676 2177 ⁷1⁸.
707 2123 841 2192 Propertii
853 2130 893 2179 12.

354 2205 388 2257 Ρ.
398 2203 524 2257 servilior
534 2205 615 2256 Vrtir
624 2205 755 2257 lrrurleur
764 2207 805 2260 11.
837 2208 869 2258 Ι..
879 2206 1018 2260 Antonius.

179 2303 380 2372 octavianae
402 2304 539 2389 perticus
561 2304 698 2369 meletio
721 2304 823 2370 stiam
837 2304 1016 2390 Propertio
1030 2311 1157 2386 nostro,
1171 2327 1234 2392 pe·

133 2415 185 2476 tre
204 2410 277 2496 jem
291 2407 422 2487 orbeto,
445 2407 630 2472 maximum
644 2425 798 2488 egrornm
818 2413 945 2496 purtem
960 2407 1086 2488 euiert3
1108 2427 1177 2495 que
1190 2409 1233 2476 do

134 2531 171 2576 re
186 2509 298 2578 Psote
314 2527 364 2574 ιν.
379 2510 412 2573 1.
432 2507 510 2574 129.
525 2525 576 2593 sq.
620 2506 749 2588 ‘Nem
774 2513 835 2574 tue
856 2528 934 2574 cnm
956 2508 1050 2574 multi
1063 2516 1235 2576 versarent

134 2633 213 2680 rure
229 2612 380 2698 juvenci,
403 2609 543 2676 abstulit
565 2609 717 2674 excultas
742 2611 869 2693 pertice
889 2610 998 2676 tristis
1021 2609 1129 2695 opes?
1180 2609 1233 2676 Cf.

136 2713 254 2798 Heyn.
267 2713 338 2781 vit
352 2712 471 2796 Virgil.
495 2731 558 2796 per
582 2728 689 2776 annor
712 2710 834 2796 digest.
854 2711 898 2777 ed
912 2711 945 2776 h.
959 2731 990 2776 e.
1034 2710 1234 2776 Circehene

134 2819 368 2901 tempestatem
392 2813 549 2878 Tibullus
575 2832 642 2879 non
669 2818 785 2899 potest
812 2832 897 2899 puer
928 2831 1049 2879 novem
1073 2829 1234 2879 annorum

134 2917 254 2998 inisse,
265 2918 423 3002 quonium
431 2917 532 2999 longe
544 2915 643 2982 aliter
656 2916 700 2981 de
713 2917 778 2982 bec
791 2916 885 2981 clade
898 2915 1055 3001 loquitur,
1070 2932 1172 2999 quem
1180 2914 1236 2980 rel

136 3019 279 3099 Noster,
287 3017 438 3103 inprimis
450 3014 917 3094 rv.c.1.183-190.‘Nam,
928 3014 1235 3098 mihieummegnis

136 3123 259 3208 opibus
271 3121 392 3187 domus
407 3119 477 3186 elta
488 3119 619 3199 niteret,
636 3117 702 3184 cm
716 3119 846 3182 inerant
859 3116 941 3184 flevi
955 3116 1102 3182 ditantes
1117 3115 1234 3182 ordine

136 3225 226 3292 sulci
239 3223 387 3302 Horren,
406 3220 582 3288 ioecondes
595 3217 640 3285 ud
660 3217 849 3286 deficientia
861 3237 1005 3298 messes,
1026 3217 1159 3303 cuique
1172 3237 1235 3305 pe-

135 3347 198 3394 ous
221 3325 327 3392 denso
349 3324 538 3408 paseebeut
560 3323 689 3406 agmine
711 3321 826 3401 eolles,
855 3319 900 3386 Et
924 3319 1058 3387 domino
1080 3321 1235 3412 satisfiet

136 3429 274 3500 nimium
296 3427 428 3511 iurique
443 3425 613 3510 lupoque:
636 3421 739 3488 Nune
753 3420 952 3488 desiderium
967 3428 1133 3507 superest:
1154 3441 1235 3490 nom

139 3549 222 3598 oure
247 3533 404 3606 novetur,
429 3523 515 3596 Cum
529 3543 656 3596 mernor
678 3533 833 3592 anteactos
850 3519 982 3608 semper
1004 3525 1104 3590 dolor
1117 3521 1233 3592 edmo-

137 3637 193 3699 ret
208 3651 322 3698 mos.-
344 3627 425 3709 Sed,
446 3628 526 3693 lieet
544 3623 717 3710 asperiore
731 3623 866 3704 cadant,
881 3625 1070 3710 spolierque
1081 3625 1234 3704 relictis:

139 3739 202 3800 oet.
225 3738 260 3802 et
283 3749 308 3797 r.
321 3732 355 3798 1.
368 3729 511 3798 19-22.
534 3727 634 3794 ‘Vos
653 3744 790 3814 quoqne
813 3726 922 3792 felicis
943 3727 1123 3816 qnondam,
1144 3743 1235 3793 nuno

139 3833 298 3920 pauperis
312 3833 384 3916 egri
397 3827 576 3909 Custodes,
588 3827 685 3895 sertis
698 3847 836 3894 munere
850 3833 972 3909 vestre,
988 3827 1108 3894 Lares.
1137 3825 1237 3898 Tune
1283 3901 1289 3910 ,

139 3936 247 4004 ritule
273 3935 464 4000 innumeros
491 3931 657 3997 lustrabat
684 3949 778 3996 erese
797 3929 981 4013 juvencos:
1018 3927 1118 3994 Nunc
1147 3947 1236 4014 agne
1307 3947 1309 3954 ’

139 4036 254 4121 exigui
267 4041 319 4102 ert
340 4034 454 4104 boetio
475 4048 598 4116 magne
611 4028 696 4097 soli?
740 4029 876 4113 Ubique
899 4033 1056 4112 tunquam
1078 4029 1237 4097 dominns

140 4145 173 4206 et
194 4137 450 4226 psteriumilies‚
475 4133 534 4223 qut
557 4133 632 4222 ipse
654 4151 725 4202 rem
747 4149 845 4200 suem
866 4129 1060 4202 familiarem
1080 4138 1176 4204 curet
1199 4139 1236 4202 et
