2920 4770
495 337 568 384 PER
593 335 718 386 Annos
743 338 914 389 nicusus.

505 545 538 598 A.
551 546 583 596 U.
596 545 625 598 (ἕ.
636 549 692 597 m.
725 546 856 612 Propertii
867 551 907 597 26.

421 626 508 675 Caeser
521 626 615 676 Ocuv.
627 626 690 676 vn.
723 627 760 676 Μ.
773 625 891 692 Agrippe
900 624 953 676 111.

197 736 345 820 Augusti
361 759 480 805 nomen
500 738 627 806 Caeseri
652 739 839 806 Octaviano
860 739 978 804 dutum
993 757 1014 804 u
1029 745 1157 816 senatu,
1173 739 1249 806 Mu·

157 837 237 903 uutii
269 837 388 902 Planci
412 839 564 922 inprimis
585 840 767 906 sententia:
793 840 862 906 vid.
886 840 1057 924 Heynium
1085 840 1107 904 1.
1122 861 1152 905 c.
1197 841 1250 904 De

156 939 289 1002 nomine
302 939 380 1023 ipso
393 939 533 1024 ejusque
547 947 715 1023 potestate
730 941 906 1005 consulent
914 940 1056 1023 juvenes
1070 941 1249 1006 Schwnrzii

157 1037 348 1104 Observutt.
364 1039 407 1104 nd
423 1041 671 1124 Nieupoortum
684 1062 717 1125 p.
733 1042 808 1107 195.
823 1062 898 1125 sqq.
942 1040 1031 1108 Ante
1047 1042 1134 1107 hunc
1150 1045 1249 1128 igitur
1336 1065 1340 1072 ·

156 1157 277 1204 uunum
302 1143 438 1225 scriptur
460 1161 524 1206 nou
538 1161 612 1206 esse
627 1147 769 1224 possunt
783 1142 850 1208 illae
872 1143 1038 1226 Propertii
1054 1144 1157 1207 nostri
1173 1143 1249 1208 Eie-

156 1239 234 1322 giee,
259 1241 295 1304 in
319 1243 441 1324 quibus
463 1243 604 1306 nominis
629 1242 728 1327 hujus
748 1242 786 1308 fit
806 1243 952 1309 mentio:
975 1244 1017 1308 ci.
1035 1263 1066 1308 e.
1082 1265 1113 1309 c.
1131 1263 1170 1308 ιι.
1194 1247 1246 1310 10.

154 1341 206 1404 15.
239 1358 296 1406 ιιι.
311 1342 364 1407 11.
380 1344 432 1408 50.
468 1361 522 1407 ιιι.
537 1344 590 1408 12.
604 1343 638 1408 2.
653 1347 714 1408 &n

497 1523 687 1574 A.U.C·m.
720 1525 903 1588 Properum.

364 1603 453 1654 Gener
462 1602 596 1667 Augustus
607 1603 687 1654 vni.
718 1605 748 1656 Τ.
758 1604 875 1656 statinus
887 1605 989 1656 Tunnu
1001 1605 1038 1660 11.

196 1713 343 1779 Cornelii
357 1713 448 1780 Gelli
464 1735 553 1780 mors
566 1716 769 1796 voluntnnu3
790 1735 867 1800 quae
882 1717 1008 1782 occidit
1021 1717 1099 1794 uon,
1119 1723 1156 1782 ut
1171 1717 1246 1783 Ho-

154 1817 294 1881 ratinuo'
313 1816 483 1899 interpreti
511 1816 633 1900 placet,
659 1815 702 1881 Α.
733 1817 777 1881 U.
799 1817 875 1882 724.
898 1839 1042 1902 numque
1065 1819 1247 1903 praeiuerat

154 1916 275 1982 Gulius
290 1917 439 2002 AEgypto
454 1938 513 2002 per
535 1925 679 2001 quotuor
692 1937 811 1996 annos,
827 1925 862 1984 et
881 1937 969 1984 nuno
983 1921 1058 1984 724.
1073 1921 1244 2004 AEgyptns

155 2017 287 2084 demum
301 2020 475 2102 provincio
490 2017 645 2084 Romanu
658 2018 748 2084 facte
762 2027 825 2097 est,
848 2021 908 2084 sed
922 2040 1012 2085 enno
1032 2040 1055 2085 n
1068 2022 1164 2085 uobis
1183 2042 1244 2105 po·

156 2121 241 2184 sito:
264 2121 305 2184 cs.
329 2121 397 2185 Dio
428 2135 509 2184 um.
554 2121 633 2186 Nou
655 2122 756 2205 igitur
778 2129 856 2186 unte
878 2122 962 2186 huno
981 2141 1104 2186 annum
1118 2124 1246 2206 scriptu

155 2231 207 2288 est
221 2221 314 2306 Eleg.
328 2223 382 2288 34.
396 2224 462 2288 lib:
471 2241 510 2288 ιι.
526 2231 662 2308 propter
673 2243 723 2289 vs.
738 2225 791 2291 91.
806 2244 856 2308 sq.
872 2221 1023 2309 inprimis
1045 2245 1121 2290 cum
1144 2227 1244 2290 etium

155 2308 319 2390 AEueidos
344 2325 538 2408 Virgiliunae
558 2323 772 2391 honorificem
791 2329 986 2391 mentionem
1001 2328 1105 2393 iuciut
1121 2325 1246 2392 Noster

157 2447 207 2490 vs.
221 2427 274 2491 61.
291 2446 364 2510 sqq.
380 2427 455 2492 coll.
500 2426 585 2493 Vite
598 2426 693 2512 Virg.
711 2419 857 2492 chronol.
873 2427 918 2493 ud
935 2425 978 2491 Α.
996 2427 1038 2492 U.
1053 2429 1128 2494 724.
1140 2429 1195 2493 fin.
1210 2433 1244 2492 et

156 2525 319 2612 liupuni
334 2529 412 2592 AEn.
431 2546 514 2595 ιἰιι.
528 2529 602 2594 675.

500 2707 684 2760 A.U.c.i³⁰.
717 2706 849 2774 Propertii
859 2711 901 2760 20.

393 2789 480 2840 Cute
491 2789 622 2854 Augustus
634 2789 668 2840 X.
702 2789 732 2842 c.
744 2788 883 2843 Nurbunne
894 2789 1013 2842 Fineeur.

198 2903 308 2968 AElius
331 2901 454 2968 Gallus
470 2901 652 2968 Arabicum
667 2902 815 2986 suscipit
827 2901 1091 2985 expeditionem
1114 2902 1174 2968 vix
1193 2911 1244 2967 tu-

156 3023 231 3068 men
240 3023 301 3089 per
313 3005 482 3068 biennium
496 3003 530 3066 in
543 3003 640 3070 terris
654 3003 721 3068 illis
734 3008 972 3084 commoratus,
994 3003 1144 3067 maxima
1157 3003 1243 3067 mili·
1343 3081 1344 3088 ἵ

154 3115 226 3170 tum
239 3111 347 3190 purte,
361 3105 476 3170 morbo
490 3102 639 3187 quodum
652 3102 801 3179 insolito,
811 3103 961 3185 nuliique
970 3111 1124 3168 notorum
1132 3103 1243 3180 simili,

154 3209 290 3284 emisse,
304 3207 348 3271 ub
357 3205 526 3272 &obibus
536 3221 599 3269 sun
607 3203 741 3286 regione
749 3201 943 3285 expellitur:
960 3208 1113 3268 unctores
1122 3203 1244 3268 Strabo

154 3311 249 3391 [xvi.
265 3329 296 3390 p.
310 3307 387 3372 780.
402 3307 489 3372 Plin.
508 3322 557 3370 νι.
572 3304 640 3386 28]
654 3311 689 3370 et
704 3305 772 3372 Dio
789 3319 869 3368 uin.
888 3307 937 3388 [p.
951 3301 1043 3385 723]
1058 3304 1117 3386 qui
1130 3312 1243 3370 tumen

153 3408 300 3474 inducis
314 3412 401 3472 errut
412 3407 556 3483 nomine,
578 3405 658 3471 dum
672 3405 799 3471 AElium
814 3404 957 3488 Iurgum
972 3406 1131 3489 nppeliut.
1176 3405 1243 3470 1m÷

154 3509 269 3593 posuit
294 3509 364 3574 Dio
387 3507 599 3574 Broukhnsio
622 3527 756 3593 quoquo
778 3508 822 3573 ed
848 3507 949 3590 Prop.
974 3507 1244 3574 inluminat

155 3609 529 3693 Cusuubonuequoque
554 3609 693 3676 numeni
715 3607 797 3691 quid
819 3627 944 3692 passus
967 3613 1030 3685 est,
1046 3607 1244 3674 Strabonem

153 3711 197 3776 de
209 3711 366 3778 Comelio
380 3711 483 3779 Gallo
498 3711 687 3794 explicans.
733 3709 819 3776 Vide
831 3709 976 3774 Rumum
991 3707 1035 3774 ud
1051 3708 1145 3791 Virg.
1166 3707 1243 3770 AEu.

156 3829 222 3878 vn.
234 3814 309 3880 006.
323 3819 368 3891 et,
382 3833 483 3896 quem
497 3812 622 3890 laudnt,
637 3811 814 3878 Vniosium
828 3811 871 3876 od
891 3810 1114 3876 Ammiauum.

197 3913 295 3979 Giton
308 3913 372 3978 hoc
387 3922 519 3998 tempus
534 3915 661 3998 scriptu
674 3913 804 3978 videtur
819 3911 937 3993 Elegia
949 3913 1020 3993 [ιιι.
1031 3909 1063 3972 4.
1071 3906 1119 3986 et]
1134 3906 1186 3972 10.
1204 3923 1242 3972 ιι.

153 4022 289 4098 propter
301 4035 349 4078 vs.
365 4015 418 4078 16.
439 4014 503 4079 ‘Et
514 4014 631 4078 domus
646 4015 780 4078 intuotoe
796 4020 829 4076 te
843 4007 1021 4093 [Anguste]
1035 4007 1145 4072 tremit
1159 4005 1244 4072 Arn-

153 4117 238 4182 biaess
282 4115 405 4200 Neque
435 4117 521 4182 enim
536 4115 769 4184 Broukhusius
792 4109 989 4186 audiendus,
1015 4108 1072 4194 qui
1088 4109 1132 4174 ed
1147 4127 1196 4173 vs.
1211 4109 1243 4173 ’2.
