2920 4770
228 281 274 350 34
502 295 590 348 sex.
614 295 705 347 sun.
728 293 931 346 ιιιοιιιιιιιι
956 293 1046 344 vrrs

103 485 108 496 ·
229 441 317 508 unde
329 441 404 527 jure
426 459 488 508 suo
509 439 552 505 de
566 437 722 524 Gyntbin,
744 444 964 524 posteaquam
987 435 1112 504 amodo
1134 436 1325 504 tirocinium

226 542 300 626 jem
321 546 490 626 posceret,
508 556 532 604 ι.
558 541 588 604 1.
611 541 642 604 1.
680 539 851 622 ‘Cynthio
871 541 981 623 primu
999 539 1246 604 suis.miserum
1275 556 1328 604 me

231 644 323 727 oepit
340 643 470 719 ocellis,
485 641 684 707 θοιιιιισιιιιιι
702 641 804 705 nuliis
823 648 898 706 ente
921 639 1164 724 Cupidinibus?
1208 639 1254 704 Et
1272 641 1326 705 12.

230 745 291 809 ult
303 742 454 829 ejusdem
467 743 562 809 libri:
585 742 754 827 ‘Cynthia
766 742 876 826 prime
895 743 971 820 fuit,
986 741 1133 826 Cyntbie
1145 741 1222 805 finis
1245 739 1327 806 erit!

231 845 287 910 De
303 846 462 929 Lyciunae
477 853 589 910 eutem
610 845 788 910 conatibus
802 843 969 908 irretiendi
993 843 1167 920 Nostrum,
1181 843 1256 925 ipse
1273 858 1326 906 111.

230 947 285 1012 15.
296 947 328 1010 5.
352 965 453 1030 quem
476 946 625 1028 Elegiem
648 946 801 1029 equidem
815 946 870 1012 vei
895 945 1041 1009 maxime
1063 950 1220 1028 tunquam
1234 942 1326 1008 iilum

231 1048 400 1132 quoddam
409 1045 612 1111 Ariedneuru
623 1046 656 1110 in
667 1046 900 1129 computandis
911 1046 1006 1110 annis
1020 1043 1185 1128 Propertii
1195 1063 1327 1127 sequor.

232 1147 316 1212 Inde
331 1149 431 1226 euim,
444 1147 511 1214 nisi
533 1167 585 1212 me
599 1147 712 1212 omniu
725 1147 853 1225 feliunt,
867 1147 1043 1212 manifesto
1064 1149 1169 1229 petet,
1184 1145 1327 1229 Proper-

231 1254 315 1318 tium
330 1251 445 1316 stetim
467 1270 489 1315 e
512 1256 622 1315 sumtu
635 1249 722 1315 virili
737 1255 816 1333 tege
835 1250 871 1313 in
894 1248 1055 1332 Lycinnee
1080 1249 1249 1313 umoribus
1267 1264 1327 1333 per

230 1371 333 1418 unum
348 1359 406 1418 eut
420 1353 558 1416 aiterum
573 1370 697 1415 ennum
711 1356 877 1415 versutum
899 1369 994 1414 esse:
1015 1349 1106 1433 quod
1120 1354 1154 1414 et
1169 1348 1329 1416 Possem·

229 1454 281 1518 tio
294 1452 338 1518 ed
352 1455 453 1519 istum
466 1454 577 1518 locum
591 1451 640 1517 ite
651 1451 797 1516 videtur.
841 1448 909 1514 Sed
923 1457 1043 1533 ceptus
1058 1455 1137 1533 post
1147 1470 1169 1515 e
1182 1446 1328 1533 Gyntbin

231 1553 358 1620 Noster
387 1555 571 1637 Lycinnam
600 1553 737 1630 deserit,
761 1559 807 1629 et,
837 1572 915 1617 oum
938 1552 1085 1634 Eulogium
1111 1551 1165 1616 lo
1193 1551 1255 1616 lib.
1272 1565 1327 1614 ιιι.

231 1656 401 1734 scriberet,
415 1675 477 1739 per
489 1656 665 1720 triennium
677 1653 744 1717 tere
758 1673 834 1718 cum
843 1653 988 1738 Cynthia
997 1658 1225 1729 consueverat,
1240 1653 1329 1717 sicut

229 1758 305 1841 ipse
333 1756 427 1822 cauit
448 1775 498 1821 vs.
514 1757 547 1822 7.
567 1775 641 1839 sqq.
685 1751 856 1831 ‘Tertiae
878 1753 969 1818 baud
997 1753 1103 1817 multo
1125 1753 1234 1817 minus
1263 1759 1327 1831 est,

231 1877 309 1922 cum
331 1857 464 1922 ducitur
485 1875 602 1934 eunus,
623 1853 698 1920 Vix
719 1855 854 1920 memini
875 1855 971 1919 nobis
993 1854 1088 1937 [mibi
1102 1859 1136 1919 et
1151 1853 1329 1938 Lycinuae]

230 1959 335 2024 verbe
361 1959 472 2023 coisse
500 1959 629 2024 decem.
671 1957 802 2023 Cuncta
829 1965 908 2021 tuns
937 1957 1093 2039 sepelivit
1121 1974 1232 2021 umor:
1262 1974 1328 2022 nee

230 2059 370 2125 ioemine
383 2067 465 2143 post
484 2067 515 2125 te
529 2059 611 2124 Ullu
630 2057 720 2123 dedit
741 2058 830 2123 collo
852 2057 966 2122 dulcio
979 2057 1088 2123 vincia
1106 2055 1205 2121 meo.'
1248 2055 1327 2122 Jnm

232 2161 262 2223 si
278 2159 471 2243 Propertius
485 2161 634 2244 quinque
649 2177 754 2224 annos
769 2156 1056 2240 semthynthiae,
1069 2159 1188 2241 etipse
1199 2173 1257 2222 ιιι.
1271 2157 1327 2224 25.

231 2259 264 2324 d.
279 2262 385 2325 cauit:
407 2265 417 2298 ¹
434 2259 593 2343 Quinque
608 2259 668 2323 tibi
683 2259 780 2342 potui
794 2259 915 2324 servire
930 2259 1070 2323 fideliter
1090 2277 1193 2324 annos
1202 2259 1221 2324 :’
1251 2261 1329 2325 reti·

231 2361 352 2424 onibus
371 2361 457 2424 bene
472 2359 642 2424 subductis
667 2359 855 2442 apparebit,
868 2360 932 2424 hos
955 2365 1083 2443 septem
1104 2379 1210 2426 annos
1225 2361 1328 2426 simul

232 2467 362 2526 sumtus
376 2460 522 2525 incidere
536 2461 572 2526 in
586 2479 708 2526 ennom
723 2459 835 2524 aetutis
850 2460 1078 2544 Propertinnse
1093 2461 1149 2526 17.
1160 2481 1268 2546 usque
1284 2462 1328 2528 ed

230 2562 285 2627 24.
327 2562 384 2626 Ad
396 2561 486 2627 idem
501 2563 657 2647 temporis
670 2563 815 2646 spatium
831 2582 964 2647 quoque
984 2563 1200 2646 plurimorum
1216 2563 1330 2647 Elegi-

231 2681 326 2726 emm
346 2664 562 2746 conscriptio,
576 2665 812 2730 ametoriemm
837 2664 1000 2741 nimbum,
1026 2663 1218 2729 necessario
1244 2665 1329 2730 rese-

231 2763 331 2830 rende
342 2766 425 2830 erit.¹

726 2915 836 2967 NOTAE

266 3011 275 3039 ¹
293 3009 431 3074 [niuem
442 3009 475 3061 de
487 3011 633 3076 Etegisrurn
642 3019 760 3077 tempore
800 3013 902 3064 brorum
923 3011 1078 3078 scriptorum
1098 3011 1255 3074 reverentis,
1276 3029 1327 3065 osn-

232 3085 268 3138 sb
286 3088 344 3152 ipso
360 3087 500 3154 Propertio
514 3088 672 3140 edeudsrunr
691 3096 760 3141 trec·
799 3090 843 3140 nis
860 3089 952 3140 sudrei
971 3096 1078 3154 consto,
1100 3096 1199 3164 eventu
1219 3087 1328 3140 infeliei-

232 3169 290 3212 tsre
317 3161 410 3228 incipit
436 3163 569 3227 Bertbius,
595 3163 712 3228 quedem
744 3178 760 3213 e
800 3178 855 3227 ors,
873 3164 921 3226 its,
934 3172 963 3215 ut
979 3165 1077 3216 iibebst
1094 3166 1154 3229 ipsi,
1169 3167 1326 3230 pervertisse

232 3235 389 3286 Lecbnsnui
402 3235 569 3300 Perictione,
586 3235 678 3304 quibus
693 3238 759 3287 Ber·
798 3255 829 3292 sc
847 3243 1036 3306 treusposnisse
1054 3243 1239 3292 estiseoustst.
1271 3242 1325 3294 Sed

232 3309 314 3360 titium
325 3311 490 3360 inconsultis
508 3311 583 3362 rebus
598 3309 714 3362 refutare
732 3317 759 3362 et
797 3316 832 3367 de
856 3315 895 3366 iris
913 3315 1016 3382 quidem
1038 3315 1165 3382 Sesiigeri
1185 3317 1327 3381 trsnsposi·

232 3395 304 3432 susm
322 3385 453 3448 Propertii
474 3385 622 3436 Cerminnm
642 3392 758 3450 menspo·
798 3390 921 3454 tionibus,
941 3405 1088 3458 quenquam
1119 3405 1163 3444 ess
1191 3389 1325 3457 seeeperit

231 3457 499 3521 sitioeenrdet‘eudere
507 3461 605 3525 studet,
614 3475 758 3526 excerpere
797 3466 985 3532 Broukbusins,
1001 3469 1163 3520 numeneus
1181 3475 1267 3520 sutem
1289 3469 1327 3520 ui·

231 3531 299 3582 bsud
317 3534 430 3598 pigebit:
455 3535 518 3586 ‘At
535 3537 653 3587 restsbst
670 3537 758 3602 niiud,'
798 3541 880 3590 terius
903 3543 1263 3609 proponerent„1nnrdodnm
1287 3547 1324 3598 in·

232 3607 270 3658 sit
281 3609 466 3672 Inebmsnnus,
484 3611 590 3676 ‘inquo
608 3613 630 3662 si
645 3612 699 3675 bos,
714 3615 757 3678 qui
798 3620 839 3666 ter
865 3617 932 3668 viros
950 3619 1040 3670 doctos
1058 3621 1246 3672 eonoismstum
1266 3630 1323 3674 est:

231 3681 305 3732 nobb
330 3684 503 3748 sntsiversut,
525 3701 648 3751 superero
671 3703 758 3752 posse-
796 3691 962 3745 becdubiunr
973 3701 1023 3758 est,
1039 3696 1325 3764 anoipiusenm,qui

231 3761 758 3825 erumperesnespretinuri'ncturosesse
796 3767 822 3817 in
845 3768 921 3820 cudd-
941 3770 1046 3834 seriptis
1065 3771 1184 3836 hebetur,
1204 3787 1324 3824 versuum

230 3835 446 3886 existimabuntur.
471 3836 579 3890 Scilicet
589 3839 758 3903 suitgerum,
797 3843 914 3894 ordinem
933 3845 1001 3896 bene
1018 3861 1121 3912 semper
1134 3848 1215 3898 tuitus
1233 3849 1278 3912 sit,
1295 3858 1323 3902 et

230 3911 275 3975 qui
292 3912 388 3976 primus
400 3913 433 3962 de
451 3928 541 3964 sensus
557 3915 713 3965 ooberrentis
730 3917 757 3966 in
796 3917 1325 3986 singulorcmcsrrninusnsrgnmentssen·

230 3985 281 4038 beu
299 3987 376 4050 podis
391 3989 536 4040 seonretins
552 3990 682 4054 quesivit,
698 4005 757 4041 oum
797 3994 1139 4060 tentisrurnqueeonnesunr
1149 3998 1324 4065 reeteubique

230 4061 257 4108 in
269 4062 357 4112 muisis
368 4065 553 4116 sententiosum
572 4064 687 4116 ordinem
706 4081 757 4118 non
797 4071 955 4133 exposuerit.
987 4072 1046 4122 Hoc
1064 4081 1093 4124 ut
1111 4075 1171 4124 olim
1188 4075 1215 4126 J.
1231 4075 1324 4126 Sebrs·

231 4145 305 4189 seete
327 4139 467 4202 procedere
491 4142 609 4204 sentiret,
635 4143 705 4194 nutis
727 4143 756 4194 ii·
796 4146 1323 4218 deropersusderinoupotnit,itsneque
