2888 4768
517 317 589 366 mn.
611 317 650 365 11.
675 319 780 369 enno.
803 305 855 369 15.

132 457 238 536 Quod
253 460 283 524 si
298 459 380 524 forte
394 457 509 542 ulique
522 457 619 522 nobie
633 461 801 525 mutabere
816 462 931 544 culpa,

183 560 394 626 Vestibulum
403 559 538 641 jureum
552 567 702 625 mortuus
719 570 797 627 ante
812 570 915 628 tuum.

595 743 772 766 munst

133 821 189 872 Sed
201 819 370 870 Heinoieuom
381 822 449 886 conj.
460 820 581 885 prefero,
592 837 719 887 quomruo
731 825 809 874 etium
819 824 920 874 reiculo
931 821 1085 886 approbavit
1094 822 1234 874 Dorvissinr

135 887 165 934 in
176 886 252 935 iiiuc.
264 887 436 936 obr.v01.v.
448 901 473 949 p.
485 890 541 936 111.
553 887 597 951 qui
607 887 697 936 minori
707 890 851 938 mutatione
863 888 1016 948 refingehet,
1025 887 1095 935 Nunc
1107 887 1131 935 irr
1140 892 1173 950 te,
1182 903 1234 937 meu

134 951 277 1013 tumuerint
287 965 330 998 reo
338 950 421 999 littero
429 951 496 998 nmio
506 951 622 1000 Serouto:
640 954 680 1002 rei
692 952 796 1014 iegebet
807 954 878 1001 Nunc
887 953 918 1000 od
929 957 963 1013 te,
973 965 1024 999 ureu
1031 951 1082 1010 iun,
1092 951 1181 1010 reniet,
1191 966 1234 1001 ouo

133 1015 230 1076 littore,
242 1015 317 1063 nonin
336 1013 412 1064 Quod
425 1021 512 1062 eutem
524 1013 663 1064 Durriiiinr
674 1015 737 1065 iilud
749 1030 850 1081 quoque
862 1012 1050 1065 incommodum
1062 1015 1087 1062 ir.
1097 1014 1123 1062 in
1134 1015 1152 1063 1.
1162 1025 1235 1065 noto·

136 1079 215 1140 verit,
226 1091 277 1142 quo
287 1092 338 1127 oreo
349 1079 391 1127 lrru
401 1081 491 1127 et'urru
508 1079 575 1128 moin
591 1079 743 1129 inconcinne
757 1095 808 1129 uno
827 1093 902 1128 verru
920 1077 1041 1139 recurrit,
1056 1091 1107 1126 uon
1118 1077 1183 1127 odeo
1194 1093 1235 1128 me

135 1148 323 1202 commoveret,
332 1155 473 1192 memorem
486 1141 594 1192 eliorum
605 1142 695 1192 Poeta
706 1145 788 1193 nortri
804 1144 927 1202 iocorum,
938 1143 964 1192 iu
976 1141 1068 1203 quibus
1079 1141 1164 1191 vicino
1175 1143 1233 1192 ruiir

136 1206 264 1270 repetitio
275 1207 352 1268 iunge
362 1204 524 1270 frequentior
535 1205 668 1255 occurrit!
686 1208 771 1259 Herm.
796 1207 854 1256 Au.
865 1223 892 1270 n.
902 1209 944 1255 10.
971 1205 1041 1254 Nunc
1051 1221 1067 1253 u
1076 1209 1109 1266 te,
1118 1220 1170 1254 roeo
1180 1206 1234 1269 iero,

136 1271 218 1320 ueniet
229 1285 281 1318 rrreu
297 1271 377 1319 littore
392 1269 468 1320 norb.
489 1270 583 1330 Recte,
597 1269 686 1334 judice
703 1271 782 1320 Knin.
806 1269 906 1320 ‘Nonio
918 1268 988 1318 aliud
1005 1269 1047 1317 iric
1059 1269 1140 1318 intere
1154 1270 1233 1318 virum

138 1341 191 1396 eet,
203 1334 275 1382 Nunc
284 1334 315 1382 du
326 1338 359 1396 te,
369 1347 422 1382 meu
431 1334 483 1393 iux,
496 1333 562 1382 uertit
572 1347 623 1382 meo
633 1333 713 1383 littore
722 1335 799 1384 nonio.
832 1335 962 1397 &mpero
977 1332 1133 1382 simillimum
1146 1333 1236 1382 Ovidii

135 1400 225 1448 iocum
237 1396 269 1446 Α.
281 1397 314 1447 Α.
325 1411 357 1446 11.
368 1400 393 1445 9.
421 1397 480 1446 Non
492 1409 593 1461 mogun,
608 1404 639 1447 ut
653 1397 735 1460 vider,
745 1397 889 1448 mutatione
911 1411 964 1446 rem
982 1397 1114 1459 geminum.
1143 1396 1236 1446 Littera

136 1463 236 1512 hebent
248 1460 426 1524 Neep.Peirt.
438 1465 462 1511 1.
476 1462 638 1510 Bormonuoe
647 1461 690 1511 hic
702 1475 804 1511 tuorum
816 1462 968 1512 varietatem
976 1459 1146 1524 negligentior
1158 1474 1237 1510 onno-

138 1525 224 1576 tnrit!
241 1525 402 1575 larium-sl
420 1526 470 1575 ¹V.
481 1526 518 1575 D.
538 1525 564 1574 in
575 1525 653 1575 Mirr.
671 1524 737 1575 Obr.
754 1526 827 1589 riguo
838 1525 1023 1588 potentiorem
1038 1523 1092 1587 huj.
1104 1537 1142 1572 vr.
1153 1523 1236 1574 deleri

133 1591 223 1655 jubet,
241 1603 319 1639 renru
337 1587 473 1652 Scaligeri,
488 1603 565 1653 quern
584 1595 612 1638 et
631 1589 711 1653 vulp.
728 1591 852 1654 seqnitur,
867 1590 1029 1651 improbetur
1047 1588 1161 1650 recreat
1174 1588 1235 1652 quid

139 1655 223 1705 video.
257 1652 348 1709 Quoue
358 1655 418 1703 Vnt.
429 1652 475 1702 red
486 1653 586 1702 emend.
599 1653 625 1700 in
637 1667 716 1717 marg.
734 1650 796 1709 Qeae'
815 1667 889 1717 quoru
901 1665 990 1702 rocem
1001 1652 1079 1701 etiem
1092 1651 1237 1714 proferunt

139 1719 227 1768 narn.
244 1721 270 1767 r.
289 1717 379 1766 eoru.
400 1716 496 1766 orem.
515 1730 572 1766 cnm
589 1717 663 1772 nux.
692 1689 880 1774 Quoniam.
893 1715 1040 1766 nocem.
1070 1714 1126 1763 eru
1142 1715 1238 1767 Vener.

140 1783 217 1832 Aldd.
229 1780 313 1832 Colin.
323 1786 387 1830 cett.
397 1780 470 1829 Eed.
480 1793 531 1829 nou
542 1787 685 1843 agnoscunt
695 1781 767 1844 cigno
777 1781 896 1844 purenth.
907 1779 951 1828 red
970 1786 1029 1842 poet
1040 1793 1077 1828 rr.
1094 1781 1133 1827 ³⁰.
1151 1778 1191 1842 [et
1201 1779 1238 1829 id.

139 1845 204 1897 iecit
214 1843 333 1908 Lucum]
343 1845 444 1907 rignum
454 1844 578 1908 interrog.
590 1844 707 1907 ponunt!
722 1843 811 1894 Barth.
840 1845 899 1900 Qec
913 1845 935 1892 ri
949 1844 1011 1891 Vnt.
1026 1847 1053 1892 2.
1071 1843 1154 1905 Regg.
1172 1858 1238 1893 unne

140 1911 213 1961 colo.
225 1910 291 1959 Ere.
303 1908 376 1957 Mod.
388 1915 415 1958 et
446 1921 467 1956 r.
479 1906 540 1957 edd.
566 1909 918 1970 commonuerint).
936 1907 1021 1956 Cotot.
1040 1906 1150 1956 Mentei.
1161 1909 1236 1958 vore.

139 1975 275 2024 Heinrieu.
292 1973 357 2022 Ero.
374 1923 444 2022 Seni?
459 1972 535 2021 Borr.
557 1973 685 2023 Neutrum
696 1973 782 2022 neutri
799 1970 943 2036 prretoierit
954 1971 1140 2020 Loehmuunur.
1170 1972 1238 2020 iuri

140 2039 234 2088 Freoc.
251 2037 375 2151 Agofiero
386 2037 478 2088 Heius.
490 2049 520 2086 ιι.
532 2033 645 2087 Adrerr.
656 2043 680 2087 o.
697 2045 724 2087 et
742 2037 806 2087 Not.
818 2050 845 2101 p.
855 2037 922 2085 eon·
932 2034 1084 2086 Perentlreei
1102 2034 1237 2084 includunt

140 2105 208 2154 huno
221 2117 257 2153 vr.
293 2133 299 2150 .
335 2136 343 2151 .

532 2321 836 2334 ..ι-ψ

542 2535 720 2601 ELEGIA
743 2535 828 2600 XV.

396 2701 555 2752 niuniu
573 2697 817 2751 vonunrrnes
834 2697 938 2746 sues.

143 2836 175 2901 0
191 2853 244 2900 mn
258 2834 406 2901 felicem!
430 2833 461 2898 Ο
476 2852 548 2897 nox
562 2832 643 2896 mihi
657 2831 818 2896 condida!
840 2834 872 2895 et
885 2850 907 2894 o
921 2836 958 2894 tu

186 2938 325 3004 Lentulo
340 2937 468 3002 deliciis
481 2937 570 3001 secte
584 2935 684 3000 boeto
696 2932 796 2998 meis!

178 3063 1178 3168 Omimouonniiifortmtote,moturuiitesurtrretfriiedrliriirnreir.
1193 3096 1208 3126 ⁹
1226 3095 1240 3124 ¹

598 3223 778 3245 m

178 3322 191 3367 l
210 3319 218 3345 ‘
230 3315 294 3379 Leg.
305 3325 365 3363 eum
376 3324 445 3362 omn.
456 3307 564 3360 membr.
575 3323 654 3360 onor.
678 3307 739 3357 Nou
750 3304 888 3356 consulunt
899 3316 988 3352 uorum
997 3315 1079 3363 ouum,
1089 3300 1132 3365 qui
1141 3307 1244 3350 vererer

146 3379 237 3446 poitur
248 3388 300 3428 tum
313 3376 446 3463 religiosor
461 3372 560 3423 fuciunt
577 3374 649 3422 circo
666 3372 767 3421 hirtos:
784 3382 868 3434 neque
883 3368 1002 3430 cogitent
1014 3366 1114 3415 iiterom
1125 3367 1245 3430 meropis·

145 3447 271 3496 oimeuon
288 3442 358 3490 oliui.
393 3437 503 3488 Brouki.
534 3435 834 3496 Ahmf.o.rr.(iuern.
860 3433 883 3480 0
902 3447 927 3480 rr.
945 3445 1046 3496 qnoque
1065 3429 1126 3479 nto.
1144 3435 1168 3479 l.
1186 3444 1244 3479 curn

146 3509 244 3558 Drerd.
269 3505 342 3556 Nihil
361 3503 481 3553 nritotiur
495 3501 620 3564 ejurmorii
635 3501 716 3550 hieto.
748 3494 1112 3548 Sedmeonto.e.’13urrtc
1136 3493 1245 3542 ‘Akme

144 3575 220 3623 Vorr.
232 3576 256 3621 1.
265 3583 337 3620 moue
348 3572 374 3618 2.
383 3568 413 3617 F.
424 3581 472 3630 pro
482 3565 534 3614 iio.
551 3565 630 3614 Noeo
642 3566 706 3614 lixo.
716 3563 788 3612 Mori.
803 3561 876 3611 vore.
886 3563 910 3608 1.
922 3572 995 3608 meur
1003 3563 1026 3608 1.
1036 3559 1130 3608 Rouiii.
1141 3556 1243 3620 Grypo.

144 3636 214 3702 qood
225 3635 320 3700 probet
330 3630 465 3682 Schrader.
475 3627 582 3679 Emeum
592 3642 618 3691 p.
630 3631 687 3678 137.
711 3627 746 3675 Et
762 3641 811 3675 on.
822 3627 898 3674 Vorr.
914 3626 940 3673 8.
964 3621 1017 3673 Sed
1029 3622 1116 3671 Pelet.
1128 3622 1158 3669 C.
1171 3621 1244 3669 Com.

145 3703 232 3765 Neon.
244 3697 371 3760 Grouiog.
381 3695 461 3744 Dore.
470 3696 493 3742 l.
505 3699 533 3742 et
544 3699 608 3744 cett.
625 3706 695 3741 oron.
714 3691 778 3740 Mer.
794 3704 843 3738 οι.
855 3694 885 3737 ut
897 3689 923 3738 iu
934 3686 1008 3737 Juot.
1019 3687 1104 3735 Coiiu.
1114 3685 1121 3711 ⁸
1133 3685 1245 3746 Neglec-

146 3772 200 3814 tum
214 3761 381 3814 artificiorum
393 3772 461 3820 erre,
470 3769 521 3805 non
534 3756 670 3806 observato
681 3763 774 3816 metro,
784 3760 893 3817 propter
904 3758 1037 3814 stuporem
1049 3747 1166 3820 tetitref
1176 3753 1247 3794 noto·

144 3837 217 3878 vernt
228 3828 321 3877 Frouc.
338 3822 391 3875 Sed
404 3836 436 3873 eo
447 3821 586 3872 decurrere
598 3833 665 3884 opor
683 3833 734 3868 uon
750 3825 801 3880 ert,
811 3829 871 3865 cnm
882 3829 952 3878 crepe
963 3821 991 3864 et
1007 3813 1034 3862 in
1046 3813 1101 3862 eliie
1113 3816 1247 3874 poetarum

647 3962 754 4014 Nom

180 4094 193 4138 1
214 4087 284 4136 Oura
295 4082 403 4146 felicem]
426 4081 510 4130 Pleno
521 4077 622 4128 letitie
634 4090 679 4125 ex·
721 4075 900 4138 argumentum
910 4066 1098 4131 eoroperiorir.

148 4162 288 4221 einmotio3
304 4159 423 4222 idemque
434 4153 573 4219 ierebojur
581 4151 679 4216 Elegiae
