2920 4770
493 302 565 382 rus
590 302 716 354 Aurios
739 303 914 354 prossus.
1208 293 1253 364 29

143 445 324 512 noscimus
348 445 383 510 in
410 443 552 510 Umbris
575 444 676 512 sitem
697 447 803 514 fcisse
829 448 970 534 petriam
992 449 1195 534 ejeceram,
1219 461 1253 519 et

147 548 286 632 quidem
300 549 361 613 ubi
381 547 547 614 nebulosa
567 567 655 614 cero
674 557 762 616 roret
776 549 939 616 Mevania
953 569 1073 635 cumpo
1086 551 1176 637 (raro
1190 575 1252 638 pro

148 671 257 734 canpe
280 649 365 734 legit
384 649 527 716 Crusius
550 650 573 736 l.
596 670 629 718 ο.
652 671 721 734 que
741 652 953 732 auctoritate,
974 658 1033 720 eut
1055 674 1125 738 quo
1139 673 1252 734 sensu,

147 751 307 836 equidem
326 771 395 817 non
418 752 581 819 dixerim:
602 771 746 839 nemque
760 755 797 820 in
809 755 894 822 meis
908 755 1002 822 libris
1014 756 1139 822 nullom
1154 757 1253 840 plone

149 853 354 939 deprehendi
369 854 591 939 reticerent
634 855 726 922 Haec
745 858 834 924 euim
859 863 937 924 sunt
957 857 1059 922 rerbu
1080 856 1252 944 Astrologi

147 953 193 1020 ed
208 954 424 1040 Propertium
438 955 531 1042 (cod.
543 975 595 1022 rs.
609 956 664 1022 71.
678 963 713 1024 et
726 954 816 1042 77.):
848 963 861 993 ‘
876 957 1016 1026 Umbrio
1034 963 1067 1024 te
1088 960 1179 1026 notis
1194 979 1252 1026 uo-

148 1056 244 1142 tique
258 1059 440 1142 penatibus
453 1057 534 1125 edit.
551 1059 722 1126 Mentiorl
744 1081 791 1126 eu
801 1062 920 1146 petrice
934 1061 1082 1144 tergitur
1090 1080 1151 1126 ora
1162 1066 1252 1130 toret

146 1157 232 1238 Qun
243 1161 414 1227 nebulosa
426 1181 515 1228 cero
528 1167 619 1228 rcrut
634 1161 794 1230 Mevania
807 1183 942 1248 cumpo,
958 1161 1001 1228 Et
1013 1162 1112 1228 locus
1125 1165 1253 1232 estivis

146 1260 279 1346 intepet
294 1263 423 1330 Umber
435 1265 546 1348 cquis,
558 1263 830 1350 Scandentisque
844 1265 931 1330 ereis
945 1267 1114 1346 consurgit
1127 1266 1253 1332 vertice

146 1383 276 1444 murus,
300 1364 422 1430 Murus
445 1367 491 1431 eb
513 1366 645 1448 ingenio
665 1368 778 1434 notior
791 1367 850 1432 ille
865 1365 944 1432 tuo?
989 1366 1079 1432 llaec
1093 1362 1253 1436 omuiusi

148 1473 242 1532 reete
255 1467 466 1550 pensitamus
485 1466 573 1545 loce,
595 1467 703 1550 petris
726 1466 895 1550 Propertii
920 1485 987 1532 non
1010 1468 1071 1532 erit
1093 1468 1253 1536 Mevania

148 1569 238 1651 ipse,
249 1589 330 1653 quae
345 1573 399 1634 est
418 1569 635 1656 plurimorum
655 1569 769 1652 [etism
790 1568 966 1634 Torrentii‘
975 1567 1019 1634 od
1034 1568 1129 1636 Suet.
1144 1570 1252 1656 Culig.

149 1667 230 1749 421,
246 1672 331 1738 etin
350 1672 405 1737 his
427 1691 562 1757 quoque
585 1671 793 1738 Broulslrusii
814 1671 946 1754 opinio,
969 1671 1026 1736 sed
1042 1671 1156 1755 potius
1168 1675 1252 1740 urbe

149 1771 184 1836 in
204 1772 332 1839 ricinis
353 1772 524 1839 llereuiae
545 1774 624 1850 site,
647 1773 739 1856 quod
761 1775 899 1855 agnovit
921 1773 1024 1838 etium
1046 1771 1125 1838 Chr.
1147 1773 1252 1840 Heur.

150 1875 348 1942 Schmidius
367 1875 413 1941 ud
425 1875 542 1942 Crusii
556 1874 628 1940 vir„
649 1874 747 1940 Poir't,
768 1874 870 1942 Rom.
892 1875 936 1944 Τ.
953 1892 977 1942 1.
998 1895 1032 1960 p.
1047 1875 1124 1942 100.
1139 1896 1172 1941 n.
1188 1875 1252 1962 o·);
1299 1933 1304 1946 .

12 2023 13 2036 r
151 1977 255 2044 sicuti
268 1997 332 2043 nec
345 1977 443 2042 lacus
457 1976 585 2042 Umber
597 1975 670 2061 ojus
683 1975 868 2060 putrieest,
880 1976 962 2044 licet
974 1978 1008 2044 iu
1023 1977 1113 2044 illius
1129 1980 1254 2050 ricinia

151 2079 423 2166 quaerendussit.
467 2077 623 2156 Accedit,
648 2077 741 2161 quod
764 2077 927 2145 Mevuuiu
948 2079 1029 2144 urbs
1051 2079 1088 2144 in
1109 2081 1252 2164 planitie

149 2183 219 2248 sits
240 2189 306 2258 est,
331 2201 401 2248 nou
424 2200 515 2260 vero,
538 2187 577 2247 ut
599 2179 766 2264 Propertii
790 2181 913 2264 patrie,
933 2181 971 2246 iu
992 2182 1087 2248 colle.
1132 2181 1253 2268 Neque
1311 2194 1314 2202 ’

150 2303 232 2350 vero
253 2277 333 2368 ipse
354 2282 436 2348 urbs
457 2300 570 2348 rcrsre
590 2281 722 2359 dicitur,
736 2280 798 2346 sed
813 2280 1150 2350 Meveuisnebulcse
1164 2304 1251 2354 curo

149 2404 287 2469 cumpo,
300 2391 341 2450 ut
355 2382 443 2450 odeo
459 2381 620 2450 Mereoic
637 2383 670 2446 h.
689 2383 714 2448 1.
733 2387 838 2449 totum
857 2403 974 2468 egnum
996 2385 1172 2470 significet,
1184 2406 1254 2454 oco

150 2488 278 2554 urbem.

193 2587 265 2655 Sed
277 2608 388 2674 neque
401 2586 550 2666 Ameria,
565 2605 643 2672 quse
657 2587 822 2674 Sculigeri
837 2568 1003 2656 sententio
1021 2598 1077 2656 est
1097 2590 1253 2674 [proheta

151 2690 264 2770 etiem
275 2698 315 2756 ut
329 2697 423 2758 notet
436 2689 598 2770 Kuinoel,
608 2710 630 2757 u
641 2690 781 2757 Berttrio
796 2689 944 2758 adstet.
959 2691 1054 2775 Sylr.
1067 2709 1091 2756 1.
1104 2693 1140 2760 2.
1150 2692 1252 2774 Polli

151 2792 367 2876 intelligendo
381 2797 445 2859 est.
489 2789 648 2876 Namque
670 2791 730 2858 illo
754 2793 833 2858 urbs
854 2799 955 2860 extre
969 2793 1091 2860 vollem
1105 2793 1252 2880 Spoleti-

150 2913 230 2960 num
243 2895 308 2961 situ
321 2898 391 2960 est:
409 2913 518 2978 neque
533 2893 706 2961 Merouiae
721 2895 888 2978 proxime,
902 2895 966 2960 sed
979 2895 1036 2962 80.
1049 2916 1158 2982 prope
1174 2917 1252 2982 pur-

151 3015 251 3062 suum
265 2995 413 3062 millrlrus
426 2996 470 3061 ob
484 3013 538 3073 ee,
551 2997 750 3081 longiusque
765 3016 787 3062 a
802 2995 953 3062 Pemsire
964 2996 1089 3064 tinibus
1101 3000 1212 3066 ebert.

195 3097 325 3166 Eodem
338 3098 426 3164 ratio
445 3096 597 3164 excludit
615 3117 750 3183 quoque
761 3095 945 3176 Asuisiun,
958 3099 991 3164 9.
1004 3099 1138 3164 circiter
1151 3100 1253 3166 milli·

152 3201 216 3265 bus
229 3219 390 3287 passuum
405 3219 428 3264 u
442 3198 603 3264 Mevania
615 3204 793 3278 remotum
811 3197 894 3265 licet
909 3197 1116 3264 lleittuirius
1128 3199 1163 3264 in
1173 3200 1252 3267 edit.

153 3301 298 3368 londin.
324 3307 404 3386 post
430 3299 624 3366 Meuaniam
645 3300 711 3367 lroc
730 3299 893 3386 oppidum
916 3299 1083 3366 nominet:
1106 3302 1251 3381 accedit,

154 3403 243 3489 quod
255 3403 311 3468 hic
326 3421 463 3487 quoque
477 3402 602 3468 frosm
614 3401 711 3468 lucus
727 3401 855 3496 Umber
867 3406 1047 3485 qnmtur.

196 3505 412 3591 Relinquitur
423 3509 462 3570 ut
476 3503 759 3572 HISPELLUld
775 3522 987 3570 ¹assumemus
1009 3501 1178 3588 Propertii
1192 3523 1253 3588 pu·

154 3607 262 3688 uim,
284 3609 385 3692 eique
410 3607 517 3674 civem
540 3605 631 3690 huuc
650 3605 862 3684 addicemus,
882 3604 953 3688 qui,
974 3602 1058 3670 licet
1076 3605 1186 3670 minor
1207 3604 1253 3670 sit

153 3729 275 3795 magno
297 3709 448 3775 Homero
471 3714 533 3773 aut
556 3705 708 3786 Marone,
724 3707 810 3775 inter
823 3706 992 3788 elegiacos
1006 3702 1252 3788 tomcupogm
1391 3707 1393 3714 Α

154 3831 223 3878 nou
238 3812 393 3878 ultimum
405 3811 514 3876 locum
529 3809 669 3888 obtinet,
684 3810 835 3894 setisque
859 3808 988 3874 decoris
1009 3806 1110 3872 hebet
1127 3805 1171 3870 ed
1192 3826 1253 3892 pu·

155 3915 251 3979 triam
266 3933 361 3978 suam
376 3910 569 3978 ornandam.
613 3901 806 3996 Hispellum
827 3928 960 3994 nempe,
983 3927 1057 3972 cum
1081 3926 1160 3989 agro
1176 3927 1250 3990 suo,

155 4016 189 4080 in
200 4015 287 4081 rulle
303 4013 489 4100 Spoletina,
503 4015 600 4080 unire
619 4014 720 4078 situm
738 4013 833 4078 illum
853 4010 966 4086 hebet,
989 4027 1087 4093 quem
1108 4008 1252 4094 Proper·

156 4117 224 4182 tius
238 4115 274 4182 ll
284 4137 335 4184 cc.
349 4117 549 4202 designavit.
582 4114 736 4202 Namque
751 4113 827 4200 eJus
841 4129 964 4192 murus,
978 4110 1080 4178 sicuti
1096 4110 1253 4178 Douuolu
