2888 4768
515 307 518 316 ·
543 305 613 354 nse.
636 305 676 356 11.
702 305 808 356 uaso.
830 291 881 357 10.

165 445 242 514 Jarn
255 452 357 529 negat
369 445 553 530 Euphrates
568 450 715 534 equitem
725 454 908 533 post-terga
921 450 1004 514 tueri

205 547 417 627 Parthorum,
431 556 467 614 et
482 549 621 616 Crassos
635 571 673 616 se
687 551 833 616 tenuisse
846 550 947 615 dolel.

165 647 261 714 india
274 651 366 733 quin,
383 650 546 733 Auguste,
562 658 620 716 tuo
634 651 692 716 dat
705 652 791 716 colia
805 651 990 735 triumph03
1212 654 1254 718 15

205 751 249 816 Et
263 751 382 817 domus
396 753 532 818 intactus
545 760 577 820 te
591 755 698 818 tramit
710 751 859 819 Arabius.

163 912 297 974 liniretur
306 919 398 964 rerusul
407 916 509 977 aspicere
518 917 605 980 equites
614 922 666 979 peel
680 917 822 965 Parthorum
832 922 910 980 terge,
927 917 1066 982 Crassusque
1079 921 1141 970 uiolet
1156 936 1182 970 se
1195 921 1254 970 reti-

161 977 244 1025 sss'ese.
279 977 476 1039 iusuperetism,
492 980 721 1042 adscendentis
738 982 820 1030 sr'etms'
837 981 882 1031 titi
898 983 998 1031 ceruleo
1014 983 1112 1047 pretet,
1126 991 1253 1048 gentesque

161 1039 267 1104 Amitae,
286 1041 409 1092 hacteuus
428 1044 522 1093 nostris
542 1045 619 1093 aruris
637 1045 742 1106 luteus,
760 1059 899 1109 megunpere
918 1051 942 1096 te
958 1046 1122 1106 reformident.
1154 1049 1184 1098 Si
1198 1063 1253 1099 uere

162 1251 260 1301 Dorus.
272 1251 332 1328 mei,
342 1265 373 1302 ss
385 1265 425 1315 pr.
441 1252 508 1304 edd!
526 1255 612 1304 Bene.
646 1255 728 1304 ‘Erat
745 1261 786 1306 eet
802 1255 908 1304 fulsum:
926 1255 1026 1306 nemin
1044 1255 1139 1306 tsiihus
1155 1255 1254 1306 indicet

161 1321 469 1392 tempusjsmperueent
499 1319 732 1395 roxtmeetrpaum.
758 1323 830 1369 snut.
843 1326 928 1370 tentet
938 1325 986 1368 eut
1014 1320 1066 1369 Sed
1077 1321 1133 1370 hero
1144 1317 1254 1370 t'ormuie

162 1379 351 1442 sistercouorps
366 1380 451 1430 neiat!
516 1381 563 1432 hus.
599 1384 659 1431 lirul
676 1383 798 1434 exhrbenr
816 1384 847 1434 B.
865 1384 895 1434 B.
915 1383 1252 1434 EntBurur.Lsohur.-18

162 1445 170 1472 ⁸
182 1444 293 1506 Equitem
303 1443 399 1496 hahent
411 1451 471 1494 octo
483 1445 551 1505 libri,
562 1445 644 1508 figure
656 1453 707 1496 tem
717 1447 802 1510 poie'tis
810 1462 884 1511 quum
895 1447 1024 1497 historicis
1032 1447 1107 1496 vaide
1115 1445 1252 1497 familiari:

162 1507 269 1558 musea
295 1507 381 1557 Barth.
414 1509 545 1558 Exhibent
566 1511 598 1558 B.
618 1511 650 1559 B.
669 1511 700 1559 B.
721 1510 752 1561 L.
775 1520 802 1560 et
825 1516 975 1560 constanter
995 1511 1058 1561 Mes.
1075 1512 1156 1574 ngg.
1175 1511 1251 1560 Borr.

160 1570 289 1634 Groning.
305 1573 448 1637 celerique,
460 1579 488 1622 et
500 1573 613 1638 antiques
625 1573 685 1623 edd.
698 1580 794 1639 prater
810 1576 876 1624 Scri.
897 1574 979 1624 Vereri
992 1574 1146 1624 Heius—it
1165 1575 1254 1625 unma-

160 1635 205 1682 isse
222 1634 323 1684 Guern.
349 1637 410 1685 iim.
426 1636 500 1686 Voss.
518 1641 543 1686 t.
570 1653 637 1687 em.
658 1653 697 1703 pr.
722 1639 832 1689 Mentel.
850 1640 937 1688 Brrrnr.
955 1643 978 1688 1.
1002 1639 1116 1688 Meteisse
1135 1639 1209 1688 Voss.
1229 1644 1253 1689 i.

161 1698 248 1746 Bnrm.
266 1702 291 1748 2.
314 1699 342 1747 in
356 1713 438 1764 marg.
465 1701 630 1750 Passeratius
647 1702 751 1764 legend.
771 1703 839 1766 conj.
855 1703 1000 1753 sustinuisse.
1028 1703 1119 1751 Heius.
1137 1703 1253 1766 sepelisse,

159 1763 270 1822 nmium,
288 1767 421 1826 temerasse,
437 1765 478 1814 rel
491 1766 584 1814 Cressis
597 1781 623 1815 se
639 1769 749 1816 renuisse.
771 1767 880 1817 Posuisse
918 1767 988 1816 rooni
1006 1765 1085 1816 tirrhio
1104 1767 1253 1816 mendosum

160 1826 312 1888 pronuntiat
334 1829 486 1878 Bursa-1⁵
504 1829 528 1877 1.
546 1831 599 1892 quis
619 1830 883 1881 persanassent.
939 1830 992 1881 idd.
1013 1836 1066 1880 tres
1085 1831 1160 1880 Voss.
1178 1832 1252 1880 Borr.

161 1891 246 1954 Nesp.
258 1891 342 1956 ngg.
352 1891 481 1942 Coibertt.
499 1893 563 1942 Asis.
571 1894 685 1943 Burmru.
696 1895 794 1944 Dorvv.
810 1901 837 1944 et
849 1909 888 1958 pr.
904 1895 964 1944 edd.
990 1894 1120 1944 Memorat
1130 1895 1253 1944 Berihius

159 1955 233 2004 Briu.
268 1956 364 2005 Isdicus
384 1972 398 2003 e
418 1957 481 2006 Vel.
498 1961 590 2006 a-ln
605 1959 613 1988 ⁸
626 1958 727 2008 istrael.
747 1959 827 2007 Dore.
844 1961 868 2006 i.
896 1958 990 2008 iniectu
1015 1957 1121 2020 Arabia,
1139 1959 1251 2006 noudum

159 2019 307 2097 'libilissfffflg
340 2020 445 2069 Arumioe
453 2019 545 2069 Heius.
557 2021 602 2070 sed
614 2020 712 2072 Arabis
722 2028 749 2070 et
760 2021 846 2083 indis,
856 2021 920 2098 iicet
931 2022 1005 2071 ratde
1016 2021 1122 2098 dissitus,
1132 2029 1253 2098 uounrqro

159 2085 1253 2214 :sennennpertershusenintertiatateliu

654 2307 760 2359 NO'i'AE

161 2423 287 2470 vorantur
298 2418 399 2482 sontae,
411 2419 556 2471 Heliconiae
573 2426 601 2471 et
612 2418 686 2470 Heli·
725 2421 835 2484 iverant,
857 2413 887 2470 ut
907 2418 1004 2470 beilum
1033 2417 1097 2482 ipsis
1116 2415 1252 2479 inferrent,

159 2495 292 2558 eouiseies,
318 2495 494 2558 Libethrides,
516 2496 685 2561 Pimpleidos,
725 2497 815 2560 prreiio
832 2493 993 2545 devicerunt.
1025 2492 1084 2542 Viri.
1104 2493 1160 2542 Lis.
1184 2493 1253 2540 Flor.

159 2570 313 2635 Pegasides,
322 2571 488 2634 thespiades,
497 2573 546 2621 tro.
725 2579 754 2622 et
765 2572 834 2621 Piut.
867 2569 962 2620 Refert
978 2583 1057 2634 porro
1074 2567 1169 2620 lustin.
1185 2579 1253 2616 xmr.

193 2647 281 2709 hirqui
290 2645 351 2710 oris]
378 2647 455 2700 Quod
473 2661 566 2711 nempe
585 2645 686 2696 dicendi
726 2646 794 2696 siout
806 2653 835 2696 et
843 2645 916 2695 Suet.
934 2644 961 2692 in
973 2642 1041 2708 Aug.
1058 2649 1117 2708 post
1133 2641 1252 2694 confecta

162 2737 243 2787 geum
254 2724 361 2774 sublime
372 2724 518 2789 depromet,
534 2729 561 2774 et
579 2725 688 2788 grandis
726 2723 862 2786 sopitaque
872 2719 942 2770 belle
952 2719 1048 2783 civilis,
1055 2734 1112 2769 curn
1122 2717 1253 2782 Augustus

160 2799 311 2864 eloquetur:
328 2807 358 2850 ut
368 2801 411 2849 ‘os
420 2799 557 2864 magnum'
573 2800 688 2850 silidam
727 2799 754 2847 in
763 2798 864 2863 Syrium
878 2796 910 2846 sti
921 2794 1125 2862 componentium
1135 2792 1252 2844 Orientis

161 2875 239 2939 quod,
250 2889 343 2939 magna
361 2875 465 2926 dioenrii
483 2874 599 2926 seruitus.
634 2876 689 2924 ilo·
728 2881 824 2925 statum
836 2873 957 2936 venisset,
974 2879 1045 2923 metu
1056 2871 1119 2922 helii
1130 2885 1189 2921 cons
1198 2870 1252 2920 Ro·

160 2957 210 3000 rst.
225 2965 244 3001 1.
264 2951 292 3000 8.
307 2955 333 3000 l.
348 2950 502 3015 ‘ingenium
520 2952 563 3001 oui
585 2952 629 3014 sit,
647 2952 689 3002 eul
728 2951 810 3000 munis
822 2950 977 3014 perculsum,
991 2947 1122 2998 Phraaten
1141 2947 1252 2996 Partho·

160 3039 233 3076 mens
244 3025 495 3091 divisior,stqueos
508 3026 689 3089 hisgnssons·
729 3039 785 3075 ruru
802 3037 887 3088 regern
909 3023 1038 3074 remisisse
1057 3021 1252 3087 addidissetque

161 3099 269 3152 turum!
317 3101 361 3150 Sic
383 3101 462 3151 etiem
487 3101 561 3165 virg.
584 3115 626 3150 rrr.
654 3101 688 3151 (i.
727 3100 846 3166 Augusto
865 3111 953 3149 omues
979 3097 1097 3163 osptisos
1117 3098 1254 3159 Romanos,

160 3173 275 3239 ‘Nona
301 3175 447 3226 reuerentia
474 3176 561 3240 Peles,
594 3189 688 3242 magno
727 3172 1088 3241 signaqueomniemilitarie,
1104 3187 1161 3236 quer
1179 3172 1254 3222 Cras·

161 3265 228 3301 nune
237 3265 282 3300 ore
291 3250 452 3302 sonandum)
728 3267 756 3302 so
768 3258 796 3303 et
813 3248 928 3301 Antonio
938 3249 1042 3300 sdeurts
1052 3246 1170 3309 tuerentq
1185 3245 1253 3296 iiiios

194 3330 224 3376 lt
240 3327 382 3391 Euphrates]
392 3327 497 3378 Finrius
509 3327 688 3392 ingenunata,
728 3333 886 3392 nepotesque
897 3325 1016 3376 Phraatis
1033 3323 1117 3374 eirieur
1134 3322 1253 3386 Angusto

162 3403 207 3468 qui
226 3416 241 3452 e
263 3403 378 3467 Niphate
397 3409 485 3453 urente
501 3401 630 3454 Armenias
648 3417 688 3453 or·
727 3401 921 3456 nhsiuiest'rsisse
932 3401 1016 3452 datos.
1040 3399 1254 3451 Undeetiiorst.

161 3485 212 3542 tus,
228 3480 305 3544 longo
317 3486 404 3530 tractu
416 3493 464 3544 per
476 3481 586 3544 Syriam,
603 3480 689 3530 hieso-
727 3494 760 3532 rr.
778 3481 828 3544 Ep.
843 3479 901 3528 ‘Et
920 3473 1086 3527 formidatum
1105 3473 1209 3526 Parthis
1225 3479 1252 3523 te

161 3557 311 3620 potamium,
329 3563 357 3607 st
377 3557 544 3619 Bshyiuuism
571 3571 687 3620 currens,
727 3555 847 3620 principe
859 3551 984 3603 Romen:

161 3632 232 3695 'iipri
244 3633 407 3696 conjunctus,
429 3633 688 3698 immensasqusrnns
759 3635 789 3682 15
805 3627 890 3692 iuriis]
917 3625 1000 3692 Regio
1011 3632 1052 3677 est
1060 3625 1130 3676 Asius
1141 3623 1253 3674 vastissi-

161 3708 241 3770 mois,
252 3708 352 3758 dnobus
363 3708 448 3770 ostiis,
460 3708 485 3757 iu
498 3709 572 3760 hiere
590 3723 637 3758 seu
646 3709 686 3758 Si·
725 3706 936 3758 musunitimuus
947 3701 1183 3766 Orientemposite.
1209 3697 1253 3748 iu·

160 3795 221 3832 num
232 3784 365 3834 Persicum
377 3791 541 3836 exousrstnr.
726 3784 773 3834 dos
795 3790 856 3832 turre
876 3779 985 3844 primum
1005 3778 1123 3839 Augusto
1152 3776 1253 3838 legator

194 3867 226 3912 lt
242 3862 397 3924 Parthorum,
414 3867 438 3912 et
459 3861 567 3926 Crassos]
593 3862 685 3912 Parthi
725 3858 823 3908 misisse
844 3855 876 3908 ed
895 3851 1136 3914 amicitiamlpsius,
1153 3850 1253 3913 popuii·

160 3937 250 4002 popuii
262 3937 399 3988 suntheim
410 3937 443 3987 sis
454 3937 687 4001 occuuMedis,rb
727 3947 777 4000 que
796 3929 905 3983 ito-eni
922 3925 1120 3988 consiliantium,
1136 3924 1253 3976 scribunt

159 4013 280 4079 squiione
299 4013 438 4076 iipresuis,
458 4013 688 4064 sheustroPersis
729 4007 916 4059 Fluaetsnsi.
1266 4007 1272 4022 ·

160 4099 189 4141 et
200 4089 332 4140 Csrmsnis
343 4088 429 4140 virini.
464 4089 501 4138 iii
521 4090 626 4140 Crunos
645 4103 689 4152 ps·
760 4088 792 4134 lo
809 4082 935 4131 Eldusssus
952 4073 1059 4139 sesne]
1094 4073 1192 4124 Ambit
1213 4089 1253 4130 re·

160 4161 688 4230 tremetiiiiusu,qniEuphratemii.trans·
728 4159 770 4226 qio
782 4152 998 4219 aurelianensis,
1010 4151 1078 4204 inter
1087 4150 1175 4204 Sinum
1187 4149 1252 4204 Ars·
