2920 4770
209 289 253 352 44
487 303 571 352 ssx.
596 301 912 352 lun.nnorunu1r
939 299 1026 348 vrrs

557 554 590 606 Α.
600 557 632 607 11.
643 557 674 608 C.
685 559 743 606 lit.
776 553 906 619 Propertii
917 557 957 605 lt.

473 635 734 688 CurrOotarlannr
745 635 794 686 Vl.
826 635 865 686 bi·
875 634 994 700 Agrippa
1004 633 1041 686 11.

252 748 323 814 Hic
340 763 389 811 vr.
409 747 556 813 Gaesans
573 747 753 814 Octaviani
769 749 963 814 consulatus
983 749 1129 814 maxime
1142 749 1303 814 notabilis

208 859 263 915 ost
291 850 335 916 ob
364 869 531 915 summum
559 850 707 916 studium
740 850 833 933 quod
861 850 1026 933 impendit
1050 849 1156 928 vitiis,
1179 851 1302 934 quibus

211 951 360 1016 Romani
382 953 428 1017 ob
452 953 614 1019 bellorum
627 951 797 1018 licentiam
818 949 1001 1016 assuefacti
1013 950 1155 1027 fueraut,
1169 951 1302 1033 penitus

208 1052 384 1129 elidendis,
400 1061 435 1118 et
447 1055 599 1120 moribus
622 1053 815 1118 melioribus
841 1050 1102 1118 introducendis.
1145 1052 1302 1115 Summus

208 1155 310 1236 igitur
322 1153 379 1218 iile
393 1155 566 1238 Princeps,
585 1155 732 1240 perlecta
745 1154 810 1219 boc
826 1171 914 1219 enno
931 1171 1081 1230 censura,
1108 1152 1301 1218 solennibus

208 1253 384 1320 sacrificiis
408 1253 565 1321 Romano
586 1275 677 1321 more
698 1256 840 1320 lustrum
862 1252 987 1329 condit,
1012 1253 1113 1317 ludos
1141 1251 1302 1318 Actiacos

207 1355 470 1438 quinquennales
496 1356 642 1436 exhibet,
672 1354 825 1440 Apollini
847 1355 881 1420 in
904 1353 1210 1437 Poletiotemplum
1224 1371 1302 1417 cnm

207 1455 410 1522 bibliotheca
422 1457 553 1540 perlicit
574 1476 616 1524 ec
637 1457 786 1536 dedicat,
801 1455 962 1540 vaneque
977 1461 1140 1539 proeterea
1152 1453 1301 1534 ordinat3

206 1557 354 1622 maxime
367 1575 458 1635 vero,
473 1559 618 1642 primum
631 1557 790 1637 omnium,
801 1558 908 1640 legem
922 1555 964 1622 de
971 1555 1170 1622 maritandis
1180 1554 1301 1621 ordini-

206 1657 366 1724 busierre
380 1666 538 1738 conatur3
553 1679 655 1744 quam
665 1659 787 1725 deinde
796 1659 971 1744 repetitam
982 1655 1098 1724 decem
1107 1657 1300 1742 annispost,

206 1755 251 1821 A.
266 1757 309 1822 U.
332 1759 408 1825 737.
432 1761 552 1826 itemm
573 1760 661 1838 tulit,
689 1765 727 1824 ut
747 1766 865 1824 auctor
885 1765 938 1824 est
960 1759 1040 1836 Dio,
1059 1777 1168 1842 neque
1191 1764 1300 1824 tamen

207 1859 311 1923 etiarn
333 1865 403 1925 tum
425 1878 497 1944 pne
521 1860 732 1926 multitudine
752 1861 979 1926 recusantium
998 1859 1142 1944 perferre
1166 1859 1299 1942 potuit;

206 1960 314 2025 donec
329 1962 465 2027 tandem
480 1967 560 2046 post
574 1979 681 2028 annos
702 1979 832 2028 rursum
852 1961 907 2028 26.
932 1961 1048 2028 eadem
1070 1960 1129 2026 lex
1142 1959 1300 2046 perferre·

204 2066 269 2138 tur,
284 2062 394 2146 Papio
415 2061 537 2128 Mutilo
560 2070 596 2128 et
612 2061 657 2142 Q.
672 2064 828 2148 Poppaeo
843 2062 942 2130 Coss.
957 2065 1046 2129 unde
1061 2083 1104 2128 ea
1115 2063 1173 2128 lex
1187 2062 1300 2146 Papia

206 2159 372 2245 Poppaea,
385 2166 434 2229 uti
444 2169 479 2228 et
491 2163 515 2230 J
517 2163 586 2230 ulia
599 2164 718 2242 audiit,
733 2165 890 2248 quoniam
898 2165 970 2248 jam
982 2170 1078 2230 antee
1090 2184 1113 2229 a
1124 2163 1148 2230 J
1149 2164 1195 2230 nl.
1209 2163 1298 2230 ces.

205 2269 336 2329 tentato
348 2266 473 2346 suerat3
505 2285 573 2350 qna
589 2266 632 2330 de
653 2267 736 2349 loge,
750 2269 875 2350 preter
889 2273 1032 2342 ceteros,
1048 2265 1198 2348 inprimis
1212 2263 1299 2334 Hei·

205 2366 368 2443 neccium,
393 2365 491 2432 docte
514 2386 554 2432 nc
570 2367 717 2432 dilucide
731 2365 801 2450 egit
814 2367 869 2432 Jo.
884 2366 972 2452 Aug.
989 2367 1150 2445 Baebius,
1164 2367 1197 2432 in
1207 2365 1298 2432 Hist

204 2462 348 2549 Jurispr.
365 2465 466 2533 Rom.
484 2483 537 2533 111.
554 2459 687 2534 1.'Sect.
703 2484 744 2534 11.
759 2469 787 2554 §.
801 2470 834 2534 7.
848 2489 924 2554 sqq.

249 2565 288 2630 lu
299 2567 386 2634 bunc
401 2569 499 2652 igitur
511 2589 633 2636 annum
647 2571 721 2638 726.
737 2570 879 2654 scriptio
894 2569 1021 2655 Elegim
1034 2572 1066 2636 7.
1081 2569 1141 2634 lib.
1157 2584 1199 2632 11.
1214 2567 1298 2632 inci-

204 2667 263 2734 det
276 2685 416 2734 necesse
431 2679 496 2750 est,
511 2671 611 2756 cnjus
623 2674 737 2741 statim
752 2673 883 2739 initium
897 2677 1003 2740 ‘certe
1016 2669 1198 2738 sublntnm’
1211 2669 1298 2734 hauc

202 2769 308 2851 legem
322 2771 381 2836 eit.
425 2771 479 2836 De
503 2775 689 2856 posteriore
708 2773 843 2838 demum
858 2773 945 2858 legis
958 2772 1061 2858 buius
1074 2771 1221 2838 iereudae
1241 2785 1298 2836 co·

202 2877 283 2934 natu
298 2869 343 2936 A.
359 2871 403 2938 U.
420 2873 494 2938 787.
519 2875 665 2956 cogiture
686 2875 839 2958 probibet
859 2874 936 2940 duis
957 2874 1106 2940 maxime
1128 2872 1297 2938 servitutis

202 2972 458 3054 quinquennalis
481 2973 659 3058 Propertii,
675 2975 748 3058 jam
770 2981 840 3040 tum
860 2974 971 3040 iectus
984 2975 1187 3042 necessario.
1230 2971 1298 3038 Ac·

201 3071 302 3149 cedit,
317 3072 407 3155 qnod
423 3079 493 3139 tum
506 3073 653 3142 sonasse
671 3075 744 3158 jmn
756 3076 915 3140 thesauro
933 3073 1056 3141 Orcivo
1080 3075 1203 3140 tradite
1223 3073 1297 3138 iue-

201 3176 252 3236 rat
271 3170 424 3256 Cynthia.
469 3173 601 3240 Etenim
631 3175 749 3258 Elegia
777 3178 809 3243 7.
835 3176 893 3241 lib.
924 3192 972 3240 lv.
998 3177 1033 3240 in
1057 3173 1141 3240 illud
1168 3187 1297 3258 tempus

201 3271 347 3336 incidere
378 3272 521 3339 videtur.
567 3273 676 3357 qune
699 3295 740 3340 oo
761 3276 868 3340 minus
892 3274 1031 3341 dubium
1054 3276 1195 3353 videtur,
1218 3295 1296 3340 cum

200 3371 397 3454 Propertius
426 3375 498 3456 ipse
521 3391 660 3459 quoque
681 3376 771 3442 houd
793 3379 844 3442 ita
865 3377 972 3444 multo
990 3386 1070 3461 post
1090 3379 1296 3443 inhibitione

201 3491 337 3536 censum
360 3475 484 3539 relatus
507 3476 560 3540 sit.
605 3475 686 3542 Vid.
716 3477 827 3560 Lipsii
850 3477 934 3542 Exc.
955 3477 996 3544 C.
1021 3477 1064 3543 ad
1078 3477 1163 3544 Tac.
1179 3477 1222 3542 A.
1238 3494 1295 3544 111.

198 3591 235 3654 p.
249 3572 325 3638 782
340 3593 415 3658 sqq.
430 3574 509 3640 edit.
525 3575 675 3642 Gronov.
690 3578 749 3662 qui
775 3586 887 3644 tamen
905 3577 1056 3662 Elegiam
1070 3579 1103 3646 7.
1118 3579 1176 3644 lib.
1192 3596 1234 3645 ιι.
1250 3579 1296 3642 ad

60 3735 65 3752 ,
199 3671 243 3740 Δ.
258 3673 334 3738 736.
349 3673 482 3738 domum
497 3676 606 3755 refert,
622 3697 689 3743 non
704 3687 758 3744 sat
772 3687 943 3745 accurate.

242 3774 283 3838 ln
298 3774 438 3840 eundem
455 3793 589 3860 quoque
602 3797 723 3842 annum
738 3778 857 3844 incidit
869 3780 1009 3863 scriptio
1029 3779 1122 3863 Eleg.
1137 3780 1191 3846 ul.
1204 3780 1294 3865 ejus·

149 3878 154 3886 ‘
197 3874 272 3938 dem
285 3875 360 3938 libri
375 3875 526 3954 secundi,
541 3896 618 3960 qum
636 3877 680 3942 ds
696 3879 813 3962 templi
828 3876 976 3961 Apollin.
992 3879 1198 3946 dedicatione
1214 3881 1293 3963 agit

199 3972 251 4039 Cf.
266 3977 301 4039 in
318 3995 394 4040 eam
407 3997 474 4044 rem
491 3977 605 4064 Heyn.
628 3980 663 4045 in
686 3979 757 4043 Vit.
776 3979 895 4062 Virgil.
916 3979 1064 4046 chronol.
1079 3980 1122 4044 nd
1138 3980 1227 4045 hunc
1242 3983 1294 4065 ip-

198 4093 272 4140 sum
286 4095 424 4143 annum.
