2920 4770
173 338 218 402 60
449 409 455 418 ‚
487 353 719 402 rusnruours
747 355 792 402 sn
814 353 967 404 runicis

177 499 380 564 Franciscus
395 497 552 566 Floridns
567 497 724 574 Sabinus,
746 496 916 580 Apologia
934 497 970 562 in
985 497 1125 580 nuqua
1140 497 1272 566 latinu

241 600 518 678 Calumniatores,
532 604 610 682 post
622 599 797 666 recinam
811 597 1011 682 Quintiliani
1020 599 1200 684 judicium.

219 719 330 800 Quam
355 737 473 803 parum
494 717 558 782 tibi
580 719 736 783 convenit
760 737 836 783 cnm
859 717 978 796 Fabio,
1009 717 1173 782 Marulla!
1217 717 1273 784 'l'u

175 824 309 890 unicum
330 820 502 887 'libullum
526 819 663 904 probes,
685 823 814 885 ceteros
833 819 1005 886 excludis:
1028 821 1058 886 is
1081 839 1149 886 nou
1169 820 1272 886 modo

176 923 381 1006 Propertium
409 940 477 986 non
504 919 660 998 exclusit,
693 919 753 984 sed
777 921 930 986 omnibus
956 921 1060 985 etiam
1086 920 1276 1004 aliquorum

168 1023 298 1109 judicio
312 1022 513 1106 anteposuit.
557 1019 637 1102 Qua
650 1021 688 1086 in
699 1040 737 1085 re
759 1021 795 1086 id
809 1022 874 1089 sibi
894 1023 1042 1088 voluisse
1055 1022 1200 1100 videtur,
1221 1028 1271 1099 ut,

175 1143 251 1190 curu
266 1143 379 1190 eorum
393 1129 530 1212 uterque
543 1123 578 1188 in
591 1123 711 1210 Elegia
721 1123 955 1190 celeberrimus
966 1124 1077 1203 tuerit,
1086 1124 1271 1206 unicnique

175 1225 220 1291 sit
231 1225 373 1291 liberum
396 1245 495 1311 quem
508 1226 603 1291 malit
617 1225 751 1292 imitari
796 1225 962 1307 Quemvis
987 1233 1099 1290 auteur
1119 1225 1203 1291 nibil
1224 1227 1271 1290 sit

173 1326 277 1392 imme
291 1327 459 1405 odiosius,
480 1345 584 1411 quam
606 1327 650 1391 de
673 1327 811 1392 summis
833 1327 915 1392 viris
934 1317 1171 1409 etbqualibus
1184 1345 1271 1414 prse-

166 1429 288 1506 ,sertim
297 1429 463 1514 judicare,
485 1447 548 1493 nec
561 1427 699 1494 libenter
713 1449 735 1495 a
751 1427 857 1495 Fabio
881 1428 1086 1506 dissentiam,
1108 1447 1186 1493 eum
1201 1446 1270 1511 quo

173 1530 266 1594 bona
279 1529 482 1595 eruditorum
496 1547 576 1613 pars
589 1528 763 1594 Tibullum
777 1527 953 1614 Propertio
980 1529 1153 1594 cultiorem
1177 1547 1270 1594 asse·

174 1633 237 1712 rit;
258 1651 324 1697 non
344 1651 477 1696 vererer
496 1630 531 1695 in
551 1650 662 1696 eornm
688 1630 811 1709 album,
832 1631 891 1716 qui
904 1630 1116 1713 Propertium
1129 1628 1270 1706 malunt,

172 1751 293 1800 nomeu
306 1731 398 1811 dure,
419 1731 547 1816 qnippe
562 1731 631 1814 qui,
647 1731 729 1816 qnid
743 1732 778 1799 in
792 1730 892 1816 hujus
904 1729 1019 1816 poitue
1033 1731 1168 1815 seriptis
1182 1729 1270 1796 desi·

173 1833 288 1900 derare
313 1833 428 1912 liceat,
449 1853 517 1900 uon
545 1833 698 1902 videant:
723 1834 772 1900 ita
796 1833 909 1900 omnia
932 1833 1066 1910 munda,
1099 1831 1268 1910 absoluta,

172 1937 277 2014 culta
299 1936 471 2012 concinna,
492 1935 656 2018 elegantia
668 1939 754 2012 suut,
768 1933 918 2017 nihilque
931 1932 1068 2012 habent,
1087 1931 1176 2017 quod
1189 1951 1271 2000 cau·

59 2032 65 2041 “
173 2037 251 2104 dem
266 2037 384 2104 babet.
428 2034 550 2122 Atque,
572 2037 717 2102 utillum
731 2035 866 2104 'librdlo
881 2054 997 2120 parem
1021 2039 1218 2114 statuemus,
1231 2035 1269 2100 iu

171 2139 235 2205 boc
261 2145 347 2206 certe
368 2139 476 2222 magis
500 2144 554 2204 est
571 2138 759 2204 laudandus
773 2137 979 2226 Propertius,
1001 2136 1092 2220 quod
1106 2135 1269 2202 Italorum

171 2241 298 2323 primns
314 2239 466 2324 Elegiam
480 2239 581 2306 Latio
595 2239 742 2319 donarit,
765 2245 804 2306 ut
818 2239 893 2324 ipse
908 2239 951 2304 de
965 2257 1003 2304 se
1026 2236 1267 2322 elegentissime

170 2347 330 2406 testatur:

214 2440 348 2506 Primus
364 2461 428 2524 ego
442 2441 612 2524 ingredior
623 2459 708 2524 puro
721 2439 765 2505 de
780 2440 875 2506 sonte
891 2439 1051 2506 sacerdos

257 2541 348 2608 Itala
365 2563 423 2626 per
438 2541 564 2608 Graios
579 2543 673 2624 orgia
687 2541 771 2612 serre
785 2542 923 2610 choros:

171 2649 216 2722 et,

211 2741 266 2808 Ab
282 2743 404 2822 valeat,
419 2742 585 2810 Phoebum
601 2743 803 2828 quicumque
817 2748 963 2810 moratur
973 2741 1010 2808 in
1019 2741 1137 2806 armis:

256 2841 406 2910 Exactns
420 2844 511 2910 tenui
526 2843 660 2928 pumice
673 2863 791 2911 verens
807 2851 880 2910 eat:

213 2941 292 3022 Quo
306 2964 358 3010 me
373 2943 463 3011 fama
475 2946 567 3011 levat
582 2949 669 3009 terra
683 2945 853 3024 sublimis,
874 2950 908 3012 et
919 2963 942 3010 a
954 2964 1008 3010 me

254 3041 350 3110 Nata
363 3045 534 3110 coronatis
550 3043 654 3109 Musa
673 3045 851 3130 triumphat
865 3045 975 3130 equis.

167 3144 214 3210 At
228 3145 263 3212 id
277 3152 347 3212 tam
368 3145 537 3229 eleganter
556 3145 650 3224 fecit,
672 3151 708 3211 ut
728 3147 810 3212 nibil
831 3147 1011 3233 quicquam
1030 3145 1106 3234 ejus
1120 3146 1265 3217 inventis

166 3247 293 3329 posteri
302 3245 423 3312 addere
432 3246 616 3330 potuerint:
631 3245 720 3332 quod
734 3249 849 3313 nescio
864 3267 908 3312 an
923 3246 1153 3314 Romanorum
1164 3247 1266 3316 alicui

166 3348 209 3424 (si
233 3346 427 3422 Horatium,
449 3347 603 3429 quamvis
625 3347 657 3411 in
681 3346 813 3412 diverso
835 3367 947 3431 opere,
970 3347 1142 3433 excipias)
1155 3349 1264 3414 adbuc

165 3447 350 3528 contigerit.
395 3445 538 3510 Ovidius
553 3453 639 3512 certe
653 3447 850 3514 blandioris
871 3448 1086 3532 Propertium
1100 3449 1264 3533 appellat,

166 3567 267 3632 quem
292 3554 328 3611 et
346 3549 422 3632 jure
447 3547 595 3613 sodalitii
617 3549 684 3613 sibi
709 3549 860 3633 junctum
886 3550 992 3615 fuisse
1018 3549 1151 3616 latetur.
1195 3547 1264 3616 Sed

165 3649 406 3732 quantulusest
419 3647 510 3732 apud
525 3649 707 3718 Marullum
722 3651 889 3717 Ovidinsl
911 3657 968 3717 aut
982 3669 1082 3735 quam
1093 3649 1175 3717 nibil
1189 3649 1264 3735 ejus

169 3749 352 3816 Amoribus
366 3750 493 3815 deferti
516 3753 576 3816 tte.

199 3931 341 4000 Paullus
353 3933 522 4002 Manutius
537 3936 579 4001 1..
596 3953 652 4002 ιιι.
668 3937 778 4022 Epist.
792 3937 845 4002 lt.
867 3935 910 4002 ad
927 3935 979 4002 Μ.
996 3934 1038 4000 Α.
1055 3933 1232 4000 Moratum.

207 4050 261 4117 Τιι
287 4052 400 4130 modo,
425 4053 483 4136 qui
510 4050 678 4118 Catullum
702 4053 898 4137 expelleris,
924 4052 969 4116 da
993 4071 1140 4135 operam,
1167 4049 1261 4114 utin

164 4151 299 4218 Tibullo
313 4160 348 4218 et
362 4152 549 4237 Propertio,
567 4156 625 4239 qui
646 4154 756 4220 locum
773 4153 822 4222 illi
845 4153 1033 4238 proximum
1048 4152 1081 4217 in
1097 4151 1263 4235 elegantia
