2914 4764
607 321 674 369 nin.
698 319 722 368 1.
749 321 852 370 nnnc.
875 305 906 372 8.

209 461 310 528 Falsa
322 462 403 528 licet
417 463 563 546 cupidus
578 464 723 548 deponat
736 467 858 550 gaudia
871 468 975 532 livor:

246 565 388 630 Destitit
402 565 451 629 ire
464 584 572 630 novas
584 564 730 650 Cynthia
745 577 861 634 nostru
875 570 962 633 vias.

206 665 259 731 Illi
272 685 371 731 carus
388 685 472 748 ego:
494 671 528 730 et
542 685 602 749 per
616 687 669 731 me
684 669 859 734 carissime
872 669 988 734 Romu

247 768 399 833 Dicitur:
422 773 455 831 et
470 769 541 831 siue
555 787 607 832 me
622 769 734 834 dulcia
746 789 849 852 regna
863 778 972 852 neget.

205 868 270 934 Ilia
283 869 339 933 vel
354 876 499 952 angusto
514 887 646 933 mecum
660 871 870 952 requiescere
880 872 982 948 lecto,

246 969 291 1034 Et
304 988 517 1053 quocumque
531 969 630 1033 modo
644 971 763 1035 maluit
781 990 859 1034 esse
874 991 961 1050 mee,

206 1069 318 1150 Quum
335 1069 402 1134 sibi
417 1070 540 1135 dotatae
555 1087 689 1152 reguum
703 1077 798 1136 vetus
815 1073 1073 1157 Hippodamiae,
1260 1075 1305 1141 35

246 1171 290 1236 Et
304 1191 388 1254 quus
403 1171 476 1235 Elis
492 1190 577 1255 opes·
592 1177 667 1236 ante
681 1181 819 1256 perorat
833 1175 943 1258 equis.

205 1272 371 1353 Quamvis
385 1291 506 1356 magna
520 1273 628 1351 duret,
643 1276 798 1357 quamvis
812 1277 944 1360 majora
959 1277 1110 1356 daturne,

246 1373 326 1439 Non
341 1381 452 1439 umen
465 1375 524 1439 illu
538 1394 632 1441 meos
645 1376 732 1460 fugit
746 1397 851 1443 avaro
866 1380 972 1445 sinuo.

201 1539 320 1590 sentisne.
336 1539 441 1601 Atiiciat
451 1539 559 1598 nunc,si
569 1541 628 1604 osu,
638 1542 723 1590 ardeas
734 1540 825 1590 insidia
834 1541 968 1590 ementitam
976 1541 1103 1599 letitiam
1117 1542 1221 1606 Cystlin
1231 1545 1304 1594 desiit

203 1604 269 1653 edire
285 1605 380 1666 ignotos
412 1604 605 1666 crepitationes.
638 1605 692 1665 Epo
704 1619 759 1654 suut
771 1605 808 1653 illi
815 1606 924 1665 dilectos,
935 1607 1038 1669 ipsique
1049 1611 1146 1668 propter
1156 1608 1304 1658 ssedllectis-

203 1670 263 1716 eisar
273 1668 350 1716 Rosea
358 1621 465 1729 tudetem
473 1674 497 1717 et
505 1668 590 1730 aisque
601 1669 708 1717 mesella
719 1669 817 1730 imperio
830 1669 989 1728 sibijnestsda
997 1684 1054 1720 esse
1064 1671 1134 1720 dieii.
1162 1671 1305 1735 Ipupolies

202 1733 292 1794 aptant
302 1733 330 1781 iu
340 1733 427 1794 eriges
438 1731 509 1781 etiam
520 1733 692 1794 neminem
699 1733 791 1795 lectolo,
799 1739 823 1782 et
831 1735 1036 1797 quomodocumque
1044 1747 1094 1782 esse
1103 1748 1162 1796 meo,
1169 1750 1238 1798 ςιιιιιι
1246 1750 1304 1798 pos·

204 1795 288 1845 sidere
298 1797 422 1859 antiquum
432 1796 515 1844 diuitis
529 1795 697 1859 Hippodamia
713 1797 848 1860 imperinm,
856 1812 884 1846 ac
894 1812 1047 1860 quacumque
1062 1799 1162 1847 dicitius
1173 1799 1226 1848 Etis
1236 1813 1305 1862 equa·

203 1875 254 1908 resa
266 1874 343 1909 curso
355 1860 404 1909 sibi
415 1863 530 1924 pandora
540 1865 697 1920 congesserat.
717 1861 785 1910 Licet
793 1861 901 1922 ingentio
912 1861 962 1924 ipsi
972 1875 1068 1911 musena
1076 1862 1209 1925 largirnis,
1220 1863 1304 1914 adhoc

167 1942 172 1949 ·
203 1923 277 1988 longe
288 1925 379 1988 majora
389 1925 520 1986 largitione
526 1940 536 1983 ,·
552 1925 716 1988 alternesipsa
726 1940 788 1974 areos
797 1928 917 1989 amplexas
928 1933 1049 1991 tanquam
1060 1941 1133 1976 wara
1145 1941 1190 1976 nos
1201 1926 1303 1990 sefugil.

663 2037 842 2058 mmm

203 2101 284 2166 Regg.
304 2103 446 2168 primoque
474 2102 535 2153 edd.
563 2101 697 2168 inestque,
723 2111 846 2152 censente
877 2103 967 2152 Burro.
991 2101 1182 2162 Borsichianns,
1204 2103 1230 2153 ln
1251 2116 1303 2168 quo

202 2165 321 2226 Dicimus,
341 2167 433 2216 ‘litera
452 2167 542 2216 initiali
559 2168 631 2230 prius
653 2167 756 2228 omissa,
773 2167 834 2216 dein
850 2168 915 2216 male
937 2169 1033 2216 inserts
1049 2167 1093 2218 D?
1129 2166 1234 2217 Vicimus
1250 2169 1304 2217 edi-

204 2230 296 2280 derant
308 2231 424 2281 Bronlslr.
441 2231 534 2280 Barth.
554 2232 658 2282 Lachm.
692 2232 735 2279 ira
754 2245 801 2293 pro
820 2232 864 2281 illa
885 2233 961 2294 male,
975 2231 1066 2296 judice
1084 2232 1174 2281 Burin.
1192 2232 1268 2280 Voss.
1280 2237 1304 2282 l.

203 2295 439 2344 &Delmino-29
457 2297 569 2358 Deponas
589 2294 681 2345 Heius.
705 2295 740 2343 N.
759 2296 785 2344 in
807 2295 885 2360 i'rop.
906 2296 1053 2344 Βιιιιιιιιιιιιο
1070 2302 1178 2358 propter
1195 2295 1304 2345 ‘rsus’

203 2358 307 2408 ridetur
316 2358 419 2423 legend.
431 2363 563 2423 componat,
574 2360 592 2409 i.
601 2373 625 2409 c.
635 2359 726 2422 finget,
736 2359 914 2410 simules-so
931 2361 1020 2425 Deficit
1032 2362 1113 2410 Dora.
1126 2365 1149 2409 l.
1167 2373 1183 2408 s
1199 2373 1234 2409 ιιι.
1248 2373 1304 2410 sec.

203 2423 279 2486 susle,
283 2423 421 2486 judicante
432 2424 586 2472 narn-³1
606 2424 719 2473 Broulrlr.
735 2432 826 2473 contra
838 2425 1020 2474 auctoritatem
1034 2439 1102 2473 omn.
1114 2424 1191 2474 codd.
1201 2430 1229 2473 et
1244 2423 1303 2474 edd.

203 2494 268 2537 vett.
279 2487 558 2550 nnteSealigerinnnrn,
571 2488 635 2536 lrauc
647 2495 762 2549 secutus,
773 2493 796 2537 ei
808 2490 911 2538 omisit:
923 2489 985 2539 licet
998 2489 1024 2538 iu
1036 2488 1103 2536 uotis
1115 2487 1193 2537 editis
1200 2501 1304 2539 causent

202 2552 238 2600 tei
255 2565 308 2602 ιιοιι
326 2551 485 2602 reddiderit:
503 2551 634 2615 inprimis
657 2557 743 2602 tannen
764 2551 1021 2602 Animadversionum
1037 2551 1113 2601 lineis
1129 2554 1303 2615 ascripsernts

203 2615 255 2664 ‘lit
263 2615 449 2680 perGrouing.
460 2614 558 2680 primus
579 2623 668 2664 noster
682 2624 709 2665 et
729 2632 780 2666 sec.
799 2615 954 2681 perperam!
987 2615 1304 2728 Sednusqnsnrfere,nit
1350 2657 1358 2670 .
1444 2677 1445 2696 ,

202 2679 290 2730 linens.
308 2681 404 2731 Noster
416 2680 530 2728 ultimam
542 2679 568 2728 iu
579 2679 659 2742 ‘ego'
676 2680 816 2744 producit:
832 2688 870 2740 ct,
889 2680 933 2729 ubi
951 2679 989 2729 its
1005 2693 1097 2729 uunce
1118 2679 1303 2744 itnr,plerum·

204 2743 1306 2859 tulisti?diffiniit.tliitiilttiiiti,iustiti:

202 2814 323 2922 dgdffiti
334 2843 562 2922 moecenatis.
571 2843 739 2936 oppuqnante
749 2825 952 2936 derthioNulg.
964 2871 1083 2922 defendit
1094 2843 1182 2922 Durio.
1199 2843 1272 2922 Ditio
1280 2844 1304 2921 a:

203 2936 308 2986 Gruter.
317 2935 377 2985 huie
387 2949 490 3001 quoque
500 2945 667 2998 oppugnante
675 2937 794 2986 Barthio.
830 2938 889 2986 Non
902 2935 1033 3000 improbat
1044 2936 1217 3000 Burmannus,
1226 2937 1234 2963 ¹
1243 2936 1306 2986 licet

202 3001 323 3064 rejecerit
339 3001 379 3064 [et
389 2999 466 3062 bene,
470 2999 606 3062 judicante
619 3000 745 3076 lireoth]
760 3001 1006 3063 incoeptoque
1019 3013 1088 3064 seqq.
1099 3003 1140 3050 ³⁵.
1153 3000 1202 3049 36?
1227 3001 1305 3050 Cete-

203 3064 644 3194 :littetitilsiitditltl
660 3064 1211 3202 tf12¹5{testitiiltrtiitt‘t
1222 3063 1306 3177 liii.

202 3193 282 3244 Colin.
294 3203 321 3242 et
332 3191 513 3243 Grasserisna.
548 3193 649 3267 Paroret
658 3193 734 3242 Voss.
746 3196 770 3242 l.
781 3206 829 3267 prp
838 3196 941 3254 morat,
957 3197 986 3239 ut
999 3196 1074 3252 putat
1084 3190 1174 3240 Boron.
1200 3192 1306 3242 Pararet

202 3257 417 3320 oqss'ffleinsisn.
451 3255 568 3318 Poterat,
581 3256 730 3305 eanchins.
763 3257 836 3318 Eques
847 3255 1010 3304 vindicarunt
1025 3253 1166 3306 Beroaldus
1176 3261 1204 3304 et
1215 3256 1308 3306 Passe-

203 3323 294 3384 retius,
303 3335 334 3371 ae
345 3321 421 3383 bene,
432 3327 557 3370 censente
574 3321 728 3370 Boron-³8
745 3321 818 3369 ‘Meo
833 3320 887 3368 sino
899 3317 1012 3367 Broulrlr.
1024 3327 1051 3367 et
1063 3319 1101 3368 sie
1115 3319 1184 3384 loqui
1193 3321 1304 3370 Veteres

203 3386 313 3448 probat:
332 3386 405 3450 qnesi
417 3399 479 3434 vero
488 3384 515 3433 id
523 3383 631 3432 dubium
644 3384 686 3434 sit.
721 3383 808 3446 Fregit
818 3381 1021 3470 nrasdchbi
1029 3383 1120 3432 Amara
1130 3389 1181 3434 tres
1191 3383 1249 3462 libyi
1261 3400 1305 3449 sp.

203 3449 317 3500 Broultls.
342 3450 431 3499 Aurata
450 3449 537 3498 Pelet.
559 3449 628 3512 qnod
648 3463 698 3497 non
717 3449 809 3512 probat
832 3448 917 3499 dean.
955 3447 1043 3496 Darii.
1074 3449 1167 3498 Amara
1188 3447 1262 3498 Letd.
1281 3454 1305 3497 1.

203 3514 276 3566 Voss.
284 3518 311 3565 2.
321 3515 397 3566 Borr.
405 3514 494 3563 Burni.
505 3517 531 3562 2.
556 3514 639 3563 Annae
649 3520 723 3563 recte
741 3527 769 3562 se
788 3513 878 3577 habet,
891 3510 984 3577 judice
995 3512 1085 3562 Burin.
1097 3519 1124 3563 et
1136 3513 1174 3563 sic
1185 3513 1242 3578 ipse
1251 3511 1306 3562 edi·

696 3626 803 3684 NotAE

204 3726 362 3793 Olympiam,
380 3737 431 3774 non
449 3721 591 3788 proculab
612 3721 688 3771 Elide
706 3729 735 3772 et
776 3737 827 3786 quo
850 3721 1047 3786 Peloponnesus
1074 3735 1168 3773 nomen
1194 3722 1305 3788 sucepit.

203 3803 273 3867 Piae,
280 3801 432 3862 civitatibus
445 3799 582 3865 provincis
594 3798 685 3848 Elidis.
775 3796 835 3846 vid.
845 3795 933 3846 strab.
946 3809 1006 3844 vm.

235 3883 266 3929 85
284 3877 464 3942 Hippodamia]
490 3874 666 3939 Hippodamia
680 3873 733 3924 filie
805 3877 838 3922 ilo
856 3873 917 3934 Elis]
934 3871 1040 3921 Acheiae
1061 3885 1107 3920 sen
1125 3871 1211 3934 potins
1229 3874 1306 3926 Pelo·

203 3951 254 4005 tait
264 3953 384 4004 OEoomei
395 3953 465 4017 regis
477 3951 559 4000 Elidis
576 3957 604 4001 et
614 3951 733 4002 Pissrnrn
774 3949 881 4014 ponncsi
892 3948 973 4010 regio,
988 3953 1017 3997 et
1028 3946 1088 3996 urbs
1098 3946 1215 4010 ejusdem
1225 3953 1307 4002 nomi·

203 4029 391 4096 potentissimiq
408 4043 466 4093 qnae
485 4027 560 4091 regui
577 4025 659 4078 naeres
676 4042 733 4090 reg·
774 4026 814 4074 nis
826 4023 994 4073 celeberrimo
1012 4019 1086 4070 Jaris
1098 4023 1231 4089 Olympici
1241 4033 1307 4078 tens.

204 4119 288 4172 noque
313 4104 407 4156 dotato
428 4103 523 4167 Pelopi
543 4105 641 4166 nupsit,
666 4105 735 4157 unde
775 4101 828 4165 plo,
847 4105 875 4148 et
894 4097 962 4148 ludis
981 4096 1133 4162 olympicis,
1151 4099 1195 4150 ubi
1216 4104 1306 4152 curule

204 4181 301 4234 dicitnr
322 4194 431 4246 regnum
452 4177 540 4231 dotale
558 4179 736 4248 accepisses
775 4183 906 4228 certamen
926 4173 1086 4240 agitabatur,
1108 4174 1141 4225 sd
1159 4176 1228 4242 qnod
1244 4178 1307 4246 equi
