2920 4770
574 371 779 420 annulare.
809 418 814 427 ,
1198 357 1220 422 9
1348 393 1352 402 ·

120 523 321 582 meremus
331 533 354 580 e
369 513 445 580 eod.
461 511 656 590 Dreedenai,
670 531 770 596 quem
779 512 815 576 in
826 511 960 578 Tibullo
970 511 1043 595 jam
1057 533 1220 581 excusse·

121 627 169 684 rat
181 617 238 684 Ill
263 615 434 702 Heyniua
448 621 603 682 accurate
617 614 825 700 descriptum
839 614 1015 681 abeodem
1030 614 1114 680 Viro
1131 635 1219 682 sum-

122 739 174 786 mu
200 719 281 804 §.ll
298 717 441 784 Praesat.
462 716 505 784 ad
528 737 605 782 eum
629 715 781 794 Polliam,
804 725 841 782 et
861 738 885 783 a
905 717 1062 796 Goetnio,
1080 718 1114 781 in
1137 716 1221 781 ‘den

124 817 466 901 llerkwiirdigkeiten
493 818 551 884 der
577 818 705 902 kdnigl.
731 819 888 884 Biblioth.
912 840 954 886 nu
985 817 1159 896 Drasdea:
1184 839 1220 902 p.

123 923 193 989 137.
213 942 246 986 ιι.
272 921 352 986 123.
396 919 474 999 Qua
503 921 638 1005 quidem
660 923 694 988 in
721 940 757 986 re
783 923 926 986 amicam
953 923 1053 986 nobie
1081 939 1220 1005 operam

123 1023 280 1109 paulitit
307 1021 360 1088 Μ.
390 1021 600 1088 Christianus
628 1021 820 1088 Ludovieus
848 1021 1058 1100 Wendlerns,
1092 1022 1219 1088 scholae

123 1125 300 1190 cruciante
315 1129 395 1188 lunc
411 1124 571 1208 temporie
584 1123 714 1206 collega
733 1138 790 1188 ιιι.
813 1141 900 1188 nuuc
923 1130 1036 1190 aulem
1060 1121 1220 1188 diaeonus

122 1231 154 1290 et
166 1225 302 1308 eollega
316 1224 443 1290 scholae
458 1213 633 1290 Porlens'ie
646 1224 950 1308 conjunctissimum
980 1224 1038 1309 qni
1061 1225 1160 1291 nobie
1175 1223 1219 1290 V.

123 1328 215 1393 Lex
226 1327 293 1392 hoc
304 1325 468 1392 eodeum
482 1325 608 1392 Aldina
622 1325 703 1392 edil.
721 1328 846 1393 collato
859 1331 1038 1412 excerptas
1051 1324 1222 1390 humanis·

123 1430 206 1494 rime
218 1427 413 1494 transmisit
455 1426 616 1493 Habetis
630 1427 741 1492 codex
754 1426 919 1492 interdum
927 1425 1219 1506 bonaslectienes3

123 1527 224 1594 habet
247 1547 387 1612 quoque
406 1525 580 1606 lectiones,
596 1547 674 1613 qum
698 1526 734 1591 in
753 1527 829 1591 aliie
842 1546 909 1592 non
923 1524 1220 1611 deprehenduntur,

125 1631 168 1694 ab
182 1628 371 1696 editoribus
386 1634 472 1696 certe
482 1647 551 1694 non
563 1621 644 1695 eunt
653 1631 834 1694 annotatae.

490 2067 858 2152 nxcnauua

223 2255 261 2332 E
291 2255 342 2330 L.
375 2254 669 2334 SANTENll
703 2252 1124 2348 PRAEFATIONE.

130 2551 322 2641 Μιοιιιιιι
338 2573 485 2640 delorem
503 2577 584 2642 boni
599 2595 726 2656 omnen,
749 2583 784 2643 et
799 2597 887 2643 verm
903 2578 1099 2644 eruditionis
1114 2575 1221 2641 etudi-

129 2677 192 2756 esi,
205 2697 249 2742 ex
265 2676 449 2742 Burmanni
464 2676 610 2744 Secundi
623 2683 742 2759 morte,
767 2699 842 2763 quae
859 2687 936 2744 ante
951 2679 1035 2743 dnos
1049 2678 1150 2743 ferme
1164 2695 1224 2741 an·

128 2797 187 2841 noe
200 2776 337 2855 accidit,
352 2785 522 2862 ceperunt.
567 2779 731 2859 Quamvis
746 2781 835 2845 enim
850 2779 913 2860 vir,
925 2779 1102 2844 excellenti
1117 2785 1150 2843 et
1162 2778 1222 2841 im-

129 2897 244 2943 mensa
261 2877 417 2944 doctrina
441 2875 627 2959 abundans,
647 2880 719 2965 jam
743 2881 893 2965 quintum
917 2888 953 2945 et
978 2881 1223 2963 sexagesimum

130 2979 238 3044 aetatis
251 2997 373 3044 annum
392 2981 582 3063 attigisset3
606 2987 716 3047 lamen
739 2981 814 3067 ejus
837 2984 948 3047 obitus
967 2983 1163 3046 immaturus
1190 2981 1224 3044 et

129 3080 271 3144 acerbus
285 3079 534 3148 existimandus
548 3088 611 3162 est,
626 3083 728 3170 qued,
744 3102 886 3167 quornm
900 3082 1041 3166 ingeniis
1055 3083 1225 3146 immorta-

129 3179 178 3244 lia
191 3200 294 3264 opera
308 3189 476 3264 parantur,
497 3202 611 3248 eornm
625 3185 696 3249 vita
719 3184 808 3249 ultra
829 3181 1042 3247 mortalitatis
1067 3179 1224 3245 terminos

128 3280 347 3364 producenda
360 3279 522 3348 videatur.
567 3283 656 3363 Quis
669 3292 780 3351 aulem
804 3283 911 3372 (quod
938 3284 1010 3348 eine
1025 3284 1224 3368 cujusquam

130 3381 335 3446 contumelia
349 3381 491 3447 dixerim
504 3381 530 3470 l)
551 3391 687 3451 tottam
703 3385 874 3473 praeclaris
890 3385 1047 3469 operibus
1067 3383 1142 3452 haec
1165 3380 1224 3447 hn-

130 3483 299 3547 manilalie
312 3481 426 3568 eludia
440 3485 538 3549 auxit
555 3493 591 3550 et
615 3485 772 3551 ornaviti
795 3486 872 3571 quis
896 3503 966 3549 non
983 3485 1145 3568 juvenum
1170 3503 1224 3548 so·

130 3583 207 3660 lum,
221 3582 283 3647 sed
298 3584 397 3647 etiam
413 3585 558 3651 virorum
573 3587 704 3652 animos
719 3591 811 3652 muto
828 3605 906 3650 cum
923 3586 1127 3662 eruditionis,
1153 3593 1225 3648 tum

131 3685 250 3766 patriae
266 3702 380 3748 amere
394 3683 640 3753 inflammaviti
685 3687 773 3766 Quis
787 3686 838 3751 illi
860 3705 1007 3769 unquam
1030 3705 1092 3769 per
1114 3704 1224 3768 reper-

132 3791 188 3847 tue
201 3785 303 3849 estin
317 3785 461 3868 ingeniis
475 3788 520 3853 ad
535 3788 797 3873 magnaquaerie
812 3792 846 3853 et
860 3784 1224 3870 gloriosaexcitandiei

133 3885 197 3950 Sed
214 3887 397 3951 Burmanni
412 3887 508 3953 dotes
530 3894 564 3954 et
583 3890 699 3955 merita
721 3908 894 3954 recensere
917 3906 1066 3951 mearum
1085 3905 1152 3951 nou
1174 3894 1226 3954 est

132 3987 288 4070 partium,
310 3988 495 4071 praesertim
518 3991 597 4058 eliis
618 3992 683 4056 hec
705 3989 817 4057 officio
835 3989 905 4075 jam
929 3989 994 4051 rite
1014 3986 1192 4054 defunctis.

173 4085 259 4151 Cum
274 4107 354 4152 vero
368 4091 475 4156 omnis
491 4091 674 4158 Burmanni
688 4092 804 4158 vilain
816 4073 989 4158 laberilius
998 4089 1134 4154 eruditis
1146 4109 1225 4156 cen·

134 4197 323 4266 sumeretur,
337 4209 401 4254 non
413 4192 542 4271 mirum,
557 4195 587 4258 si
602 4213 690 4260 mors
705 4193 780 4278 ejus
790 4194 981 4258 inchoatum
992 4189 1129 4276 aliquod
1138 4209 1225 4274 opas
