2888 4768
206 277 271 346 280
539 293 568 342 s.
591 292 748 344 sunnon
771 286 967 340 rnorunru

159 435 164 448 ’
210 437 309 502 Doeit
321 435 495 502 odoriferis
507 438 589 502 ordo
603 439 682 503 milri
696 437 866 517 lencibus3
889 437 999 501 adsint

252 537 381 602 Pleboii
394 538 645 622 purraeiuueris
660 537 824 622 exequiae.

209 721 309 769 cadauer
324 719 352 768 in
361 718 467 768 Altnls'eo
477 721 535 769 lecto
544 725 690 784 ammius:
707 735 753 768 soa
769 720 828 768 milri
839 718 934 778 ferculo
949 717 1068 777 morum
1077 718 1159 767 ordina
1170 717 1307 776 sennim

211 784 257 833 aed
269 783 349 833 solum
358 783 392 832 rit
407 796 491 834 meum
505 783 581 844 susus
590 784 712 846 emmas,
722 787 749 834 nt
759 783 845 831 nortui
854 781 949 846 plebeii.
982 780 1050 832 Sutia
1060 783 1165 845 aeqaridesr
1183 795 1307 831 auersas

668 907 843 930 ‘numme

212 998 268 1042 tuso
279 995 304 1040 1.
314 992 322 1019 ‘
332 990 430 1040 Feretro
438 991 515 1040 Voss.
527 995 550 1040 ³.
562 995 590 1040 et
602 991 667 1041 Eae.
676 989 745 1040 scal.
755 990 798 1054 qui
807 989 868 1038 illud
882 989 1018 1054 probabat,
1027 987 1036 1018 ‘
1045 985 1124 1055 quia,’
1135 996 1164 1038 ut
1173 986 1308 1051 ait,‘lecti
1332 1021 1335 1026 -

212 1061 369 1105 mortuorum
380 1069 431 1103 uon
442 1055 572 1105 habebant
581 1054 683 1104 fulorn'
700 1052 762 1116 Sed,
772 1054 833 1118 quia
845 1055 896 1104 tori
906 1053 1046 1104 mortuales
1056 1059 1084 1103 et
1099 1053 1249 1102 convivales
1261 1051 1309 1101 iid.

213 1127 287 1169 erant
299 1125 326 1168 et
337 1117 421 1180 ejusd.
439 1117 538 1180 formae,
555 1117 639 1168 fulera
649 1125 722 1168 certe
733 1117 896 1168 habuerunt)
912 1118 1063 1167 lim—22
1078 1117 1086 1144 ‘
1099 1117 1177 1165 Missa
1193 1115 1224 1165 c.
1234 1116 1307 1165 Corn.

217 1183 275 1232 Viso
299 1181 397 1231 Dresd.
440 1183 493 1231 Nec
509 1183 559 1231 alst
576 1184 608 1232 A.
627 1195 724 1245 corporo
750 1179 843 1230 Heius.
865 1186 958 1230 eontra
977 1180 1133 1230 idiotismum
1152 1177 1308 1242 Propertii?

213 1245 302 1296 Borti-
334 1245 342 1274 ⁴
360 1245 416 1295 Vim
431 1246 542 1295 Mentel.
561 1259 623 1296 unua
637 1244 711 1295 Oolb.
723 1244 857 1293 Heiuslau.
867 1244 893 1294 lr.
903 1258 927 1293 e.
937 1245 1000 1306 aisa,
1018 1251 1046 1292 ut
1057 1257 1126 1310 supr
1137 1243 1163 1292 in
1174 1242 1251 1292 codd.
1262 1241 1309 1290 sed

213 1309 296 1359 minus
308 1309 428 1374 antiquio,
439 1323 497 1373 pro,
512 1309 579 1361 sinn.
614 1310 666 1359 Nae
675 1309 710 1358 stc
719 1309 745 1357 ia
762 1307 839 1357 affert
850 1308 998 1368 christoph.
1010 1307 1119 1357 Landiu.
1135 1305 1169 1355 ad
1181 1305 1277 1356 Horat.
1288 1318 1309 1354 ι.

215 1373 270 1422 Od.
280 1378 304 1422 1.
314 1377 355 1422 ta.
366 1372 430 1422 vitio
442 1374 507 1438 typi,
516 1381 544 1422 nt
555 1379 628 1436 puto,
637 1373 679 1422 vel
687 1386 736 1436 pro
754 1372 806 1421 Ner
815 1371 850 1421 sie
862 1374 915 1422 Ait.
948 1370 1040 1420 Heius.
1052 1371 1088 1422 N.
1097 1385 1123 1434 p.
1132 1373 1191 1421 689.
1204 1369 1310 1432 legabat

215 1435 267 1486 Neo
276 1437 325 1486 siat
335 1435 367 1486 Δ.
379 1451 487 1524 corpora,
504 1437 579 1486 etita
591 1436 680 1502 Ayrm.
691 1443 812 1498 tauquam
823 1436 919 1498 primus
931 1435 969 1485 ita
979 1435 1142 1498 conjecisset.
1174 1434 1227 1484 Sed
1240 1433 1310 1495 vulg.

214 1499 415 1550 beueaslrabet.
441 1501 602 1563 Barsa-2³,
612 1505 643 1550 at
659 1501 731 1551 auus
741 1500 836 1550 venet.
851 1497 1117 1548 ‘Valdeinoouoinne
1127 1497 1185 1548 eod.
1195 1497 1310 1546 lurersu

215 1563 288 1614 Desit
306 1571 334 1613 et
351 1565 429 1614 maist
445 1565 616 1614 cumulantur.
650 1565 682 1614 In
700 1563 774 1614 Leid.
785 1568 810 1612 2.
821 1563 905 1612 Dorr.
916 1569 944 1612 et
954 1575 1011 1612 meo
1027 1566 1050 1612 1.
1063 1562 1101 1610 Ns
1111 1563 1159 1610 ultr
1177 1560 1247 1610 unde
1260 1561 1310 1610 Ner

215 1629 249 1676 nit
266 1628 359 1692 corrigi
371 1634 469 1691 potest,
486 1636 515 1676 ut
527 1629 553 1676 iu
565 1627 703 1677 antecedd.
714 1627 756 1677 rel
766 1629 792 1676 in
806 1626 857 1676 llus
868 1641 956 1676 namna
972 1625 1076 1689 legend.
1086 1639 1145 1674 oum
1156 1623 1268 1675 Heinsio
1283 1629 1310 1672 at

215 1691 273 1754 slat,
288 1692 355 1768 qnod
366 1692 515 1802 qmplaoet.
550 1693 572 1740 0
641 1692 672 1740 io
683 1697 780 1754 preter
790 1691 917 1754 Grouing.
928 1705 950 1740 ι.
960 1689 1026 1739 Esto.
1035 1688 1108 1739 Mod.
1119 1689 1199 1738 etiam
1211 1689 1237 1738 ia
1247 1687 1312 1736 duo·

218 1754 266 1803 bus
279 1755 368 1804 eriue
380 1755 387 1802 l
398 1755 534 1818 leguntur:
552 1770 602 1819 quo
633 1754 721 1818 palato
733 1754 856 1804 Palmerli
868 1755 964 1822 sapuit,
981 1753 1026 1804 sed
1038 1768 1054 1803 a
1064 1751 1227 1802 Broulrhnaio
1239 1757 1313 1801 reeta

217 1816 374 1884 exploditur,
390 1824 419 1868 et
432 1819 487 1882 jam
498 1823 558 1868 ante
570 1833 585 1868 a
597 1817 761 1870 Passeratlo.'
786 1818 872 1868 Barna.
902 1819 911 1845 ‘
925 1817 1129 1868 Derion-odoini:
1146 1815 1203 1881 quia
1217 1817 1275 1864 huso
1286 1814 1313 1864 in

217 1895 268 1931 uuo
279 1881 420 1946 eodemque
432 1897 469 1932 rs.
482 1883 622 1945 conjuuota
633 1881 717 1932 ierat?
741 1893 885 1947 quanquam
896 1879 1020 1945 Virgilius
1036 1881 1115 1930 meiat
1133 1885 1162 1929 et
1177 1879 1258 1929 adsint
1275 1878 1314 1926 lta

217 1945 314 2010 posuit,
331 1947 377 1996 aed
386 1959 432 1997 aex
445 1960 494 1997 rsa.
506 1946 659 2010 interjectis,
670 1945 705 1998 G.
717 1959 756 1998 nv.
772 1949 813 1996 11.
825 1950 867 1998 19.
899 1947 969 1996 Vere
979 1944 1070 1996 Helm.
1086 1949 1113 1995 u!
1123 1942 1189 1995 risu!
1206 1942 1312 1994 Laelnm.

711 2112 820 2164 Nom

220 2255 285 2304 rum,
300 2239 470 2291 adhibebatur
489 2240 563 2305 tuba,
584 2256 642 2307 qun
654 2255 744 2306 queru-
785 2255 837 2292 uuo
853 2240 1072 2307 ioetu,'quautuna
1095 2243 1168 2292 Nero
1185 2239 1314 2305 Princeps

132 2317 134 2324 '
219 2315 272 2364 lusu
282 2314 401 2380 quiddam
417 2323 446 2365 et
463 2316 539 2367 triste
550 2318 637 2367 souitu
649 2316 746 2367 referre
786 2317 924 2368 novissimo
935 2318 1058 2382 Poppaeae
1077 2330 1131 2366 suae
1149 2317 1192 2367 dia
1207 2329 1315 2366 enuere·

218 2391 363 2442 ridebatur.
395 2391 432 2441 Ut
449 2392 505 2456 jum
517 2392 624 2442 vidimus
641 2389 682 2441 El.
695 2405 745 2441 vna.
786 2396 903 2447 marerit.
940 2395 1110 2447 AEstimeutur
1137 2401 1231 2459 postea
1258 2400 1316 2445 toto

221 2467 311 2518 ‘'libla
321 2467 426 2518 sunmts
436 2469 534 2518 tristior
545 2468 589 2517 illa
600 2466 681 2517 tuba!
787 2469 850 2521 orbe
867 2469 974 2534 siugulis
995 2470 1067 2520 aunis
1091 2475 1132 2520 tot
1155 2469 1251 2520 funera
1271 2483 1317 2520 uu·

252 2549 286 2595 22
301 2544 407 2596 Attalico
417 2541 480 2605 toro]
501 2545 582 2594 Lecto
592 2541 696 2592 funebri
706 2556 746 2592 or·
787 2545 1317 2610 fluentaqueacervatimoongeatalaonori

220 2631 284 2696 nato
308 2623 396 2674 auleis
418 2630 448 2672 st
468 2620 663 2687 peristromatis,
688 2633 746 2684 quse
787 2619 1016 2687 cadaverumque
1025 2620 1083 2670 Diis
1092 2621 1262 2684 persingulas
1271 2622 1317 2672 mi·

220 2695 374 2749 dicebantur
391 2697 520 2758 Attalica,
545 2695 607 2760 qnia
633 2694 747 2756 Attalus,
788 2695 954 2746 easdautnrd
986 2695 1315 2762 Virg·va.·AEn.‘Cougea·

221 2787 268 2823 rex
288 2773 411 2836 Pergami
429 2771 577 2832 dirimimur,
595 2769 748 2820 restibuset
788 2775 816 2819 ta
835 2775 984 2820 cremantur
1004 2771 1104 2820 'llaursa
1124 2769 1205 2833 dous,
1223 2771 1316 2835 dapes,

222 2847 311 2898 aulaeis
321 2861 411 2896 aurum
420 2845 537 2896 intexere
548 2845 644 2910 primm
653 2845 749 2896 dicitur
788 2841 846 2896 iuno
866 2852 982 2896 crateron
999 2843 1084 2896 olivo!
1114 2843 1174 2896 Jur.
1191 2845 1269 2897 S.1r.
1285 2843 1317 2894 ad

221 2921 389 2988 excogitasse.
788 2922 845 2972 lamo
857 2922 987 2972 allndtna:
1002 2922 1057 2972 ‘Et
1078 2921 1205 2972 matutino
1224 2921 1318 2972 sudans
1429 2939 1430 2944 ¹

254 3002 286 3048 11
305 2997 439 3059 odoriferis
448 2996 565 3061 mulus]
583 2997 684 3048 lauces
700 2998 749 3048 hoo
790 2997 923 3061 Crispinus
935 3011 1043 3059 amomo,
1048 2997 1181 3049 Quantum
1193 2996 1237 3048 rix
1247 2997 1319 3048 redo-

222 3075 395 3136 lnlooosnut,
408 3072 749 3124 rmarebusdirluiaetsa·
789 3074 844 3123 leut
863 3074 914 3123 duo
930 3072 1037 3123 iuuers!
1069 3073 1172 3124 odores
1193 3075 1274 3124 etism
1292 3081 1320 3125 et
1429 3107 1430 3110 =

222 3147 325 3200 orificiis
336 3155 406 3216 spta.
428 3149 500 3211 Vlrg.
510 3161 560 3198 xrs.
572 3147 750 3198 diu-‘cnmu-
790 3157 919 3214 unguenta
927 3148 1006 3200 fuisse
1013 3150 1141 3200 cineribus
1150 3156 1179 3200 at
1188 3149 1320 3214 sepulcris,

222 3228 312 3292 latque
329 3222 569 3275 onerstlalauolbua
588 3222 663 3272 aras.'
696 3223 749 3272 Uu·
789 3233 928 3290 postquam
945 3231 1058 3275 cremata
1079 3223 1193 3276 fuissent
1210 3239 1319 3290 corpora

224 3296 750 3366 quantuporroiuueribusadhibitaiulase
789 3305 959 3361 mortuorum,
985 3297 1066 3349 affusa
1091 3305 1207 3349 testatur
1232 3309 1320 3352 uoator
1429 3281 1430 3324 l

223 3376 293 3439 apud
321 3375 451 3425 Romnum
470 3378 600 3422 testantur
621 3378 750 3437 quotquot
790 3373 942 3440 Propertius
960 3388 1004 3425 ιιι.
1024 3375 1065 3424 ΕΙ.
1076 3378 1117 3424 m.
1131 3371 1254 3426 ‘Afferet
1271 3375 1319 3426 huo

223 3448 281 3500 fare
292 3460 353 3497 sunu
363 3447 449 3496 utini
460 3445 609 3509 scriptores.
642 3447 701 3497 Non
713 3462 752 3499 so·
791 3457 925 3514 unguenta
942 3450 1012 3514 milri,
1027 3449 1154 3513 sortisque
1174 3451 1319 3514 sepulcrum

225 3523 375 3572 lunaautem
386 3525 544 3570 mortuorum
557 3533 754 3586 corporauuge-
793 3524 908 3576 Oruablt
933 3533 1022 3575 custos
1043 3522 1076 3575 sd
1097 3538 1156 3576 men
1182 3523 1261 3576 busta
1282 3539 1320 3576 se·

224 3598 337 3658 bantur;
353 3595 488 3646 sedetiam
500 3593 594 3646 odores
615 3599 754 3648 acervatim
796 3597 878 3650 dens!

225 3674 252 3723 io
272 3686 373 3737 rogum,
390 3670 452 3721 dum
466 3669 591 3722 cadavera
608 3686 754 3724 cremaren-
826 3679 859 3724 nt
876 3672 1060 3734 Pamfsseris
1069 3673 1189 3736 anquira]
1206 3675 1321 3726 Plebeio·
1426 3659 1430 3726 .Ῐ

225 3755 279 3812 tor,
290 3747 499 3812 conjiciebautur.
524 3745 592 3796 Pliu.
604 3761 653 3796 xrs.
663 3753 701 3797 18.
718 3749 754 3798 lo·
793 3763 850 3798 rum
863 3762 909 3798 sau
920 3749 1065 3798 tenuiorum
1084 3747 1214 3798 laomlunm
1233 3748 1321 3800 funera

226 3837 308 3890 quens
316 3823 349 3873 de
358 3822 469 3872 Arabia:
480 3822 605 3871 ‘Beatam
614 3823 701 3886 lllam,'
708 3825 755 3888 sit,
793 3824 885 3874 miuori
895 3823 1053 3873 curabantur
1058 3823 1184 3886 impensa,
1193 3822 1272 3889 idque
1279 3838 1322 3888 per

224 3897 312 3949 ‘lecit
322 3898 453 3947 homiuum
464 3895 542 3946 etiarn
553 3896 670 3948 inmorte
681 3898 754 3947 luxu·
796 3899 958 3964 vespillones,
975 3899 1019 3962 qui
1036 3898 1188 3960 vespertino
1207 3905 1321 3964 tempore

226 3975 274 4037 ria,
292 3987 350 4038 qum
361 3973 417 4022 Diis
435 3971 602 4022 intellexerat
612 3972 699 4035 genita
710 3974 755 4022 ad·
794 3980 907 4023 mortuos
923 3969 1076 4033 efferebant,
1090 3985 1199 4036 qnorum
1211 3971 1323 4024 funebria

225 4051 317 4101 iibens
328 4049 431 4100 mendis
441 4047 580 4099 defunctis.
613 4050 697 4100 Peritl
714 4064 753 4102 ra·
795 4061 887 4112 pompa
898 4055 1007 4114 propter
1017 4047 1131 4112 inopiam
1147 4048 1209 4100 dnei
1220 4061 1322 4114 nonpo·

225 4129 284 4176 ‘rum
297 4131 503 4176 mseremutunu
513 4122 584 4174 ferre
595 4129 696 4176 tantuna
710 4140 754 4178 su·
794 4128 871 4174 terat.
