2888 4768
215 327 281 396 222
382 335 384 340 ’
547 341 576 388 ε.
599 337 758 396 sunnon
781 333 977 384 nnonsnun

217 487 307 553 Hoec
322 485 384 552 tibi
400 483 609 550 oontulorunt
622 481 777 548 coelestia
790 497 927 544 innuero
941 475 1035 554 Diri,
1270 475 1319 541 25

259 589 348 654 Haeo
361 587 443 667 tibi;
464 607 506 650 ue
520 593 657 650 matrem
670 584 753 648 forie
765 581 899 646 dedisse
914 585 1031 664 putee:

156 805 164 812 ,
209 753 275 814 sciis
283 751 498 802 sierssndsdedit
507 746 655 814 suspiciam
687 749 740 798 Isto
757 747 785 796 is
802 750 828 796 ie
844 746 946 795 miratio
962 757 1058 794 mero
1070 742 1117 792 Dii
1134 746 1315 804 osagesserssts

215 833 244 868 se
255 832 319 883 ergo
334 817 455 866 caiatiam
465 815 513 865 ists
530 815 575 864 stit
590 813 731 876 posits-iosos
741 818 811 862 iustu
825 811 967 868 ossiaiim
982 823 1028 858 sss
1038 808 1143 872 epaidess
1152 812 1206 856 sust
1217 807 1315 856 basem

673 923 821 944 mm
824 923 854 944 ΙΙ

214 993 315 1054 Sirene,
333 993 386 1058 qui,
403 992 430 1042 in
451 1006 479 1041 re
490 991 598 1043 critica
615 1004 673 1041 raro
692 997 793 1052 acutus,
808 989 850 1040 bio
867 987 972 1052 legend.
988 985 1186 1052 excogitaverat
1197 988 1313 1037 Gratias

215 1058 309 1108 sonis
319 1059 361 1108 rei
372 1057 482 1107 bissenas
491 1071 538 1106 sos
553 1073 577 1121 p.
597 1071 663 1119 apso
673 1071 694 1106 s.
728 1057 817 1117 Certe,
834 1055 855 1104 si
866 1053 966 1102 insulsis
982 1052 1139 1115 conjecturis
1150 1051 1237 1116 paiuss
1248 1052 1314 1116 pub-

213 1123 266 1171 iice
282 1129 352 1172 esset
370 1122 513 1186 proposita,
523 1121 571 1170 bae
584 1134 634 1168 uns
645 1134 702 1169 eant
713 1133 758 1168 sno
764 1120 824 1183 jure
836 1117 953 1169 auferret
963 1115 1128 1166 Gebhardus.
1160 1117 1256 1166 Notarn
1268 1117 1313 1165 ab·

214 1185 344 1235 soivsnrua
361 1185 517 1236 anctoritate
535 1183 738 1245 iiernsterbusii‚
754 1184 809 1248 qni,
824 1183 833 1210 ⁴
850 1180 950 1242 Locus:
974 1181 1068 1244 inquit,
1090 1175 1232 1242 ‘diffinitis
1248 1189 1277 1230 et
1295 1196 1312 1231 a

213 1249 325 1300 librariis
336 1258 485 1326 corruptos.
513 1247 548 1326 .¹¹¹
559 1248 697 1324 Viamiopii
709 1247 799 1324 codice
810 1246 947 1323 legebatur
959 1245 1073 1294 Gnosia
1082 1248 1133 1308 pao
1143 1244 1221 1307 qrdaa's
1230 1259 1277 1293 aaa
1285 1259 1311 1307 p.

214 1312 1082 1441 titt..Ettsitu’tmttitf'‘tit‘tuttt‘ttttitt
1098 1307 1312 1437 ttttttti:

214 1441 384 1506 corruptoris,
407 1447 436 1491 et
457 1442 577 1505 pnsiiinos
596 1439 726 1504 ingenium
744 1439 786 1489 bio
807 1439 919 1488 admiror
940 1441 968 1488 et
985 1437 1131 1499 exoscnior,
1145 1437 1200 1500 qui,
1216 1437 1240 1486 si
1260 1451 1310 1486 non

214 1515 324 1568 certant,
339 1513 367 1556 st
377 1519 475 1555 suntme
487 1505 645 1582 probabilem
657 1519 688 1553 ao
700 1504 838 1568 Propertio
857 1503 961 1567 dignans
978 1501 1117 1551 iectionern
1134 1501 1311 1564 excogitavit:

216 1569 303 1633 iiujns
315 1579 402 1620 autent
414 1569 470 1620 Viri
483 1569 609 1633 judicium
626 1569 683 1634 quis
701 1581 752 1618 non
770 1566 893 1630 preferat
912 1565 1075 1630 perversitati
1085 1565 1183 1630 Voipii,
1199 1565 1244 1629 qni
1257 1573 1313 1615 tsn-

215 1649 318 1698 qusnse
333 1632 437 1697 tripode
452 1633 612 1697 pronuntiat,
625 1636 634 1661 ⁴
647 1646 747 1682 versuto
765 1631 832 1680 bunc
847 1631 994 1693 corrupisse
1005 1627 1039 1678 t.
1050 1629 1183 1692 Voiscurn,
1200 1643 1312 1694 cunique

214 1692 1314 1823 {ztt‘iiiimxiiii?ttirittit':tittttttttt“ti‘ttttti·

791 1794 799 1818 s
1089 1791 1097 1819 t
1300 1785 1312 1800 ⁰

214 1826 292 1874 robis
311 1839 342 1873 so
361 1823 452 1873 iecerit
479 1824 591 1874 maxima
612 1824 797 1874 commentarii
816 1823 873 1887 ejus
890 1823 970 1873 moles
989 1820 1101 1872 conflata
1116 1829 1167 1881 est.
1183 1823 1311 1872 unisse?

213 1887 299 1938 Praee.
315 1901 391 1938 versu
403 1859 473 1936 edidi
492 1888 525 1938 Et
536 1903 579 1937 suo
589 1888 764 1952 maestique,
780 1901 833 1937 non
851 1901 930 1950 mss,
946 1895 975 1935 ut
994 1887 1020 1934 in
1037 1885 1251 1936 Bronirbnsianas
1269 1893 1312 1937 est

212 1953 281 2002 enirn
293 1951 362 2001 idem
373 1951 494 2016 ioquendi
506 1951 596 2002 modus
607 1951 736 2002 subinteii.
749 1966 808 2003 cuns
823 1951 928 2015 seriptis
939 1949 1069 2012 Conone,
1080 1959 1110 2000 ut
1120 1955 1144 2000 8.
1155 1950 1205 2000 ss)
1221 1950 1311 2000 nna

212 2016 301 2066 Volsci
314 2017 417 2066 Erisses
426 2016 593 2080 ampiectitsu·
603 2016 707 2066 Laobnr.
719 2017 763 2082 qni
773 2022 863 2066 monet
878 2019 886 2044 ‘
898 2015 1020 2065 Voisousn
1032 2022 1117 2065 uiues
1129 2014 1197 2064 maie
1206 2013 1311 2066 dedisse

215 2081 329 2130 Corssiss
347 2096 398 2145 qao
410 2094 457 2143 pro
469 2081 636 2144 Consiaopue,
652 2095 737 2145 neque
754 2093 890 2143 operarum
901 2079 975 2141 vitio,
991 2084 1020 2128 ut
1031 2078 1179 2130 Bormanon
1197 2077 1310 2143 videtur,

213 2144 259 2194 sed
270 2143 399 2194 suoi-2⁸
417 2145 487 2194 Naso
497 2146 570 2195 Voss.
581 2150 605 2195 i.
619 2145 703 2195 Dorr.
716 2149 741 2195 t.
758 2143 974 2193 Burmannisuns.
1008 2143 1063 2192 Nos
1075 2143 1148 2192 Voss.
1157 2145 1183 2192 t.
1200 2142 1311 2194 [eidi.

213 2207 424 2272 Vianringiicod.
459 2209 537 2264 stss
548 2210 618 2272 (icy.
650 2209 717 2258 Nost
727 2208 818 2272 Ayrur.
834 2209 937 2259 Hemst.
955 2206 1024 2270 quod
1042 2207 1106 2257 nolit
1123 2207 1310 2271 reponilsocb·

213 2285 330 2321 mannos.
365 2273 484 2321 Nassesdi
494 2272 636 2337 Wopkens.
661 2273 728 2322 Obs.
739 2273 817 2322 Mite.
825 2272 856 2323 Τ.
867 2285 895 2323 x.
907 2287 933 2335 p.
940 2276 982 2321 48.
1006 2272 1120 2321 Nusoesti
1130 2274 1153 2320 ei
1160 2286 1186 2334 p.
1203 2271 1309 2323 Laebsn.

212 2339 278 2384 -ut
288 2335 382 2386 ‘biera
392 2349 433 2384 ma
452 2335 502 2384 alis
512 2335 612 2386 faciunt
622 2337 738 2400 interpp.
745 2337 810 2387 duro
823 2337 898 2386 snsie
913 2335 1046 2400 inquirunt
1057 2349 1103 2386 our
1113 2333 1194 2385 Amor
1206 2335 1310 2386 dicatur

213 2399 310 2450 Aridus.
342 2351 492 2448 Mseroflias
510 2400 536 2449 in
556 2399 644 2449 iibeiio
662 2399 695 2448 de
709 2397 870 2450 Differentiis
881 2407 909 2450 et
925 2401 1058 2450 Societate
1070 2400 1158 2450 ursei
1170 2399 1310 2465 Latinique

213 2462 297 2524 verbi,
312 2463 350 2512 its
360 2461 460 2526 profert
471 2463 497 2514 b.
509 2478 547 2512 sa.
580 2464 702 2514 Cuadidss
713 2465 829 2524 Auguste
845 2463 980 2528 [sagmas
998 2465 1039 2514 irio
1058 2463 1135 2514 babet
1154 2463 1247 2516 Barth.
1264 2466 1310 2529 qui

213 2526 377 2578 Macrobiuns
389 2527 453 2578 sitio
463 2527 593 2577 memorias
604 2528 727 2578 citavisse
738 2528 891 2592 arbitratur]
909 2535 941 2579 si.
974 2527 1052 2578 Unde
1067 2528 1144 2578 Pont.
1156 2530 1237 2578 mutto
1248 2543 1310 2580 cusu

211 2591 310 2642 arobitu
329 2592 431 2651 asserit,
449 2605 536 2642 seram
555 2592 617 2642 iect.
636 2599 663 2642 et
683 2607 758 2657 quarn
777 2591 836 2642 oiinr
854 2592 905 2656 ipsi
924 2593 1059 2656 scaligero
1077 2593 1311 2656 probaverimus

214 2656 551 2720 Condemnationes.
580 2655 648 2721 quod
668 2664 697 2706 et
718 2657 800 2721 ipsam
841 2669 871 2705 ro
890 2671 936 2706 suo
961 2656 1123 2708 Passeratius
1153 2658 1310 2708 venditarit.

214 2721 321 2771 Frustra
338 2721 432 2771 omnis.
465 2721 535 2770 Vera
554 2720 616 2770 ieet.
635 2729 675 2772 est
693 2719 804 2770 Aureus!
853 2721 943 2772 roukb.
966 2721 1058 2772 Aridus
1079 2719 1198 2772 defendit
1216 2721 1308 2786 (nitaris

212 2783 278 2833 dure
297 2791 326 2834 et
344 2791 472 2847 contorte,
482 2784 572 2846 jndice
590 2784 670 2835 Kuin.
690 2785 733 2849 qui
752 2787 846 2836 Aureus
856 2784 968 2850 tuetur),
984 2786 1078 2836 Ast-ess
1095 2792 1182 2837 tarnen
1200 2785 1308 2836 exhibet

212 2847 304 2897 Barth.
317 2847 360 2912 qui
372 2855 460 2898 monet
470 2848 562 2897 Aridus
579 2847 676 2898 babere
692 2848 753 2898 edd.
766 2862 835 2900 orno.
850 2856 948 2912 preter
958 2849 1072 2901 Broukb.
1083 2856 1111 2900 et
1122 2849 1199 2900 Gdtt.
1231 2850 1309 2900 Ardi-

209 2912 334 2961 das...sos's
352 2911 446 2962 babere
466 2911 562 2961 Dsesd.
580 2918 608 2962 et
626 2913 713 2962 terruit
738 2913 823 2964 Paiat.
845 2918 868 2962 l.
887 2921 915 2963 et
934 2913 1010 2964 ssrsis
1031 2929 1097 2964 ssaor
1122 2913 1195 2964 Bria.
1236 2913 1308 2966 iisse

210 2975 318 3025 tandem
331 2975 420 3026 addit:
439 2977 447 3005 ‘
459 2976 492 3026 V.
506 2977 540 3027 D.
552 2977 629 3027 Cant.
642 2977 779 3027 contendit
791 2976 913 3030 Candidas
922 2975 1002 3028 i'sciie
1014 2977 1142 3028 irotautsri
1154 2977 1270 3041 potuisse
1279 2978 1307 3028 in

211 3039 317 3090 Aridus.-
339 3038 481 3104 persuadet
505 3041 556 3104 ipsi
574 3042 653 3091 ieetio
675 3049 730 3092 ret.
750 3041 809 3092 cod.
830 3039 922 3091 Heius.
945 3042 1062 3102 Antion,
1083 3043 1229 3107 praesertim
1246 3057 1307 3093 euru

211 3105 375 3155 Passeratius
385 3104 413 3154 in
424 3110 477 3156 ret.
489 3105 555 3156 libro
567 3103 678 3156 affirmet
688 3106 800 3156 inueniri
813 3104 950 3156 cassim·
980 3108 1075 3157 Aareas
1084 3106 1167 3156 edidit
1177 3107 1267 3157 Burro.
1279 3117 1309 3158 et

211 3167 248 3219 its
259 3169 375 3248 monpit:
391 3169 587 3220 ‘Ameriam
599 3169 690 3220 Heius.
709 3169 866 3234 conjecerat.
898 3170 989 3219 Aridus
1007 3172 1082 3220 Voss.
1101 3171 1210 3221 Mentei.
1229 3171 1308 3223 Heri.

211 3233 1307 3372 tinentiis.'ti'2¹3..t‘¹i...¹.t‘¹t‘ii.ttnt..¹it'³·si·..iiiiii

209 3358 316 3409 Amasi
325 3360 401 3410 Pers.
412 3375 468 3412 v.c.
479 3362 564 3412 Coiot.
578 3363 635 3412 Nea
657 3397 664 3412 .
682 3362 821 3438 [Aetion
830 3367 873 3412 est
886 3361 912 3410 in
928 3363 985 3412 siiis
995 3363 1130 3426 permultis
1140 3369 1167 3413 et
1178 3363 1206 3412 in
1219 3363 1306 3428 Nesp.

210 3421 315 3473 Art-idas
326 3424 394 3472 enirn
405 3438 446 3488 sp.
454 3423 544 3474 Burur.
554 3432 600 3474 aut
608 3439 640 3475 oa
650 3439 700 3474 arnt
711 3424 870 3475 festinationi
882 3433 927 3475 sut
937 3427 1080 3490 typotheta·
1090 3427 1170 3476 errori
1177 3426 1306 3478 debetur?

208 3484 306 3535 hobas.
334 3492 362 3536 et
373 3487 432 3537 Ver.
442 3492 467 3538 i.
480 3488 553 3538 Leid.
564 3493 588 3538 2.
608 3489 682 3538 Voss.
693 3493 718 3540 t.
740 3496 768 3540 et
779 3491 862 3538 Dorv.
875 3494 899 3540 1.
929 3491 1051 3540 Cuadidss
1060 3491 1121 3542 Vat.
1133 3495 1158 3542 1.
1186 3492 1306 3542 Feroidss

208 3549 304 3600 Beroai
324 3549 492 3600 ,Macrobius
508 3551 639 3602 indicante
658 3552 773 3604 iironkis.
784 3551 862 3603 affert
875 3554 995 3603 Cosdidss
1004 3561 1127 3618 sanae:
1143 3555 1212 3604 unde
1223 3557 1305 3607 Scati-

209 3628 267 3678 ger,
282 3613 351 3680 Guy.
370 3613 465 3680 aliique
479 3617 743 3678 Cuadidesosmm.
776 3617 899 3668 Heinsius
911 3619 1032 3668 Casdidu
1040 3625 1140 3682 argute:
1156 3627 1185 3670 et
1195 3617 1214 3669 i.
1241 3621 1305 3670 Coa·

209 3679 279 3729 didus
293 3679 402 3744 probunt
418 3687 468 3741 est,
484 3685 513 3730 ut
524 3681 555 3728 sd
567 3679 677 3730 faustum
690 3695 764 3731 otaen
777 3680 914 3732 referatur.
942 3683 1017 3732 tiano
1029 3685 1090 3734 tect.
1100 3698 1147 3733 sus
1155 3683 1304 3735 imitatione

208 3743 250 3793 bic
267 3743 392 3808 probasse
409 3743 513 3794 ridetur
529 3745 698 3794 Sannssasius
711 3758 732 3795 r.
754 3745 795 3794 Ei.
807 3749 832 3794 8.
849 3746 897 3795 uit.
913 3751 940 3795 et
951 3745 984 3796 Ρ.
995 3747 1097 3798 Loticb.
1111 3760 1143 3798 ts.
1161 3747 1202 3798 Ei.
1219 3751 1244 3798 8.
1261 3754 1303 3798 oo.

210 3809 442 3875 Candiduqooque
453 3823 482 3859 se
493 3808 831 3874 probasitiienrsteritusio,
847 3809 905 3875 [qui
923 3809 953 3859 si
970 3811 1064 3863 Asrsss
1080 3811 1125 3862 iiio
1141 3811 1303 3878 longe-dete-

702 3939 811 3992 NOTAE

206 4045 256 4096 qne
275 4033 376 4098 augurii
393 4035 513 4088 babuisse
527 4035 608 4089 tradit
625 4035 735 4088 Aristot.
805 4041 837 4088 26
855 4037 1021 4103 Cosisierust]
1043 4037 1193 4090 Penuitiuss
1203 4039 1305 4105 syllaba

205 4107 296 4159 Probi.
314 4110 415 4162 Queat.
430 4115 471 4165 itt.
486 4119 515 4166 et
530 4113 661 4167 Libade
673 4112 735 4165 snt·
773 4120 897 4178 correpta
907 4113 1094 4178 pronuntiavit,
1103 4128 1175 4165 more
1183 4115 1303 4181 antiqno·

205 4184 266 4234 susi.
277 4185 340 4237 Nat.
773 4206 839 4257 rum,
853 4191 899 4258 qui
909 4191 916 4222 ⁸
926 4194 1060 4260 emerunt'
1078 4193 1230 4258 ‘tuterunt'
1248 4209 1303 4264 ase·
