2920 4770
536 331 600 407 '‘ns
626 359 847 408 rsorsnrro.
1205 333 1249 409 59

148 501 194 564 tis
208 500 327 579 literis,
348 499 531 565 vocitatum
556 500 724 581 nominat;
746 509 781 566 et
792 500 883 568 idern
897 499 1001 584 paulo
1016 519 1119 583 supra
1134 498 1250 566 Aesim

30 596 31 608 ’
149 601 349 666 scandentes
367 619 464 665 arces
479 601 642 686 appellat,
665 601 859 679 cum'canit,

191 701 404 768 scandentes
419 703 448 766 si
464 704 542 785 quis
557 705 669 766 cernet
682 700 724 767 de
739 702 885 766 vallibus
904 720 1013 780 arces,

234 802 374 886 Ingenio
389 821 500 867 muros
515 801 657 866 aestimet
671 801 727 864 ille
741 820 826 865 meo.

149 905 228 970 Nisi
306 904 383 986 quis
407 903 642 968 audaciuscule
664 921 705 967 eo
733 921 832 968 versu
854 901 1047 966 scandentem
1070 901 1177 968 Assem
1202 905 1250 969 le·

148 1026 223 1089 gere
238 1005 402 1070 maluerit.
446 1002 688 1069 Callimachum
703 1003 865 1087 inprimis,
886 1002 1025 1087 poetam
1039 1002 1254 1089 Cyrenaeum,

148 1114 183 1171 et
197 1103 305 1170 coum
322 1105 486 1170 Philetam
499 1105 632 1170 dicendi
656 1106 764 1170 forma
784 1105 931 1171 imitatus
946 1111 1009 1171 est.
1055 1104 1147 1185 Quin
1161 1115 1197 1171 et
1210 1127 1254 1188 se¹

149 1209 225 1290 ipse
246 1207 373 1272 alicubi
395 1205 584 1272 Romanurn
600 1204 841 1272 Callimachum
856 1207 1023 1292 appellat:
1046 1212 1084 1272 ut
1109 1215 1144 1272 et
1170 1207 1254 1294 Vir-⁴

148 1307 265 1390 gilium
293 1307 513 1372 Mantuannm
539 1307 720 1373 Homerum
747 1305 899 1373 dicimus.
945 1307 1099 1386 Quatuor
1118 1308 1251 1392 Elegia·

149 1427 223 1472 rum
236 1407 352 1486 libros,
374 1409 483 1474 cultos
498 1413 533 1472 et
547 1408 704 1486 eruditos,
719 1407 861 1490 reliquit.

358 1611 473 1679 Julius
487 1611 606 1679 Carsar
620 1612 781 1697 Scaliger,
791 1591 930 1693 *Poetis
945 1628 996 1676 vr.
1011 1612 1043 1676 7.
1106 1617 1113 1625 “

194 1745 393 1830 Propertius
409 1744 531 1824 facilis,
555 1745 730 1822 candidus,
754 1764 832 1812 vere
851 1744 1039 1827 elegiacus:
1062 1745 1178 1808 tersior
1200 1748 1251 1809 ta·

150 1865 238 1926 men,
262 1867 362 1931 qnam
378 1847 592 1912 existimatus
605 1854 659 1910 est
673 1866 696 1910 a
706 1844 853 1912 Critiois.
898 1844 990 1910 Nam
1006 1850 1040 1910 et
1053 1849 1144 1908 amat
1158 1863 1251 1928 qure-

152 1949 228 2014 dnm
245 1969 324 2033 quoe
336 1950 469 2013 minime
483 1957 563 2012 sunt
581 1947 743 2030 vulgaria,
765 1954 799 2015 et
813 1947 1012 2031 quibusdam
1025 1946 1111 2012 locis
1126 1963 1252 2029 pauco·

151 2067 223 2116 rum
235 2050 403 2134 judicium
418 2058 556 2116 secutus
571 2049 709 2114 videtur.

162 2187 166 2194 Ι
259 2195 261 2200 ⁵
347 2218 539 2285 Hadrianus
551 2219 741 2298 Turnebus,
762 2218 906 2284 Advers.
929 2234 1011 2282 vrri.
1026 2219 1058 2284 2.

195 2350 447 2437 Lepidissimus
461 2357 496 2418 ot
509 2351 732 2419 nitidissimus
747 2352 850 2437 poeta
864 2351 1069 2436 Propertius.

583 2553 680 2620 Idem
706 2571 747 2620 rr.
765 2557 817 2620 15.

196 2687 307 2754 Tanta
342 2708 497 2754 versuum
526 2689 694 2772 Propertii
713 2688 908 2775 jucunditas
934 2694 970 2752 et
993 2687 1170 2754 amoenitas
1189 2693 1251 2764 est,

123 2803 132 2816 ·
152 2795 189 2853 ut
202 2809 260 2853 eos
275 2790 482 2855 dictantibus
497 2789 625 2855 Gratiis
642 2810 664 2855 a
679 2789 791 2856 Poeta
805 2797 975 2872 exceptos
1001 2807 1156 2853 censeas:
1179 2796 1252 2854 tau-

154 2897 226 2956 tum
240 2897 391 2974 optarem
406 2891 448 2955 ad
466 2892 566 2956 aliam
580 2893 709 2976 potius,
731 2912 830 2976 quam
851 2892 1047 2956 amatoriam
1066 2892 1252 2968 materiam,

153 2991 290 3056 beatam
305 2992 395 3056 illam
410 2995 445 3055 et
460 2991 639 3056 candidam
654 2992 779 3075 ingenii
795 3011 915 3056 venam
934 2991 1145 3056 contulisset.

196 3193 347 3258 loannes
363 3191 497 3256 Pierius
518 3191 735 3270 Valerianus,
761 3192 920 3257 Sermone
946 3190 987 3254 de
1012 3189 1208 3256 Studiorum

593 3293 807 3376 conditione.

163 3501 170 3510 ,
242 3427 433 3505 Sermones,
455 3430 504 3494 ait
517 3429 584 3507 hic,
607 3429 717 3495 Vates
730 3429 916 3507 Venusine,
938 3431 1047 3495 securi

243 3528 339 3595 caedi
355 3549 459 3613 posse
475 3539 561 3608 tuos,
577 3551 711 3597 crassos
726 3535 877 3609 accusat,
898 3536 932 3595 et
946 3530 1024 3596 odit
1127 3613 1129 3618 ,

244 3629 308 3694 Fet
323 3631 377 3695 eui
392 3630 437 3694 sit
452 3628 544 3694 docti
558 3631 694 3696 libertas
709 3633 792 3696 dura
806 3631 946 3697 Catulli:

243 3731 387 3814 Virgilio
400 3733 569 3814 ingenium
584 3733 778 3815 quidemst,
800 3739 938 3816 propter
953 3733 1157 3798 Homerum:

244 3833 314 3914 Qui
330 3833 393 3898 tibi
408 3833 582 3898 mollitiem
596 3834 678 3898 vitio
694 3835 782 3912 dent,
807 3842 897 3899 terse
912 3834 1067 3898 Tibulle:
1140 3835 1251 3917 [perti

243 3932 296 3999 Te
311 3953 445 4016 qnoque
461 3932 712 4018 grandiloquum
728 3940 829 4018 atque
847 3935 975 4015 elegum
995 3933 1252 4016 supraire‚Pro-

245 4034 561 4118 Invideantpotius‚
585 4055 683 4120 quam
700 4035 868 4110 damnent,
892 4035 1015 4115 optime
1029 4040 1132 4099 vates.
1214 4077 1216 4086 ,
