2888 4768
211 303 277 368 294
541 319 569 368 s.
593 317 751 368 aonamr
776 315 976 365 nnoruurtr

213 461 325 542 Quam
340 462 446 526 multa
460 463 617 545 appositu
631 477 803 525 narramus
817 459 921 524 verba
932 456 1085 523 lucerua!

256 562 457 648 Quantaque
471 564 605 628 sublato
618 563 742 628 lumina
758 563 834 626 rixa
847 561 927 626 fuit!

213 665 304 730 Nam
319 666 420 729 modo
435 665 566 730 nudatis
582 684 713 730 mecum
727 670 779 730 est
792 665 922 728 luctata
937 662 1093 747 papillis:
1290 661 1312 724 5

255 765 422 832 Interdum
439 768 553 831 tunica
567 767 663 830 duxit
677 774 795 849 operta
810 783 949 829 moram.

212 866 278 932 llla
291 887 386 932 meos
400 887 518 932 somno
534 868 650 952 lapsos
665 867 825 951 patefecit
840 866 967 932 ocellos

254 967 322 1034 Ore
337 988 411 1047 suo,
428 975 463 1032 et
477 969 582 1034 dixit:
605 969 740 1034 Siccine
755 971 843 1035 lente
857 967 974 1051 jacasi

211 1068 321 1149 Quam
333 1070 428 1135 vario
444 1072 604 1154 amplexu
618 1077 783 1136 mutamus
797 1070 954 1136 brachia!
977 1071 1135 1152 quantum

253 1168 382 1237 Oscula
395 1179 472 1237 sunt
484 1170 587 1236 labris
602 1178 720 1236 nostra
733 1178 863 1236 murata
877 1169 961 1235 tuis!
1266 1166 1308 1230 10

671 1333 849 1354 W

209 1432 273 1483 lucia
283 1439 310 1482 et
321 1447 364 1496 ap.
374 1431 464 1482 Noatr.
481 1447 505 1480 aa
513 1445 563 1481 uon
576 1429 700 1492 elidatur,
712 1438 836 1496 aequente
849 1429 951 1480 vocatu·
962 1429 1108 1490 Barna-³,
1118 1431 1134 1478 t
1145 1426 1153 1454 ‘
1165 1425 1226 1476 Hoc
1234 1425 1305 1476 dieti·

209 1497 275 1548 chou
286 1497 344 1546 loco
362 1509 413 1546 nou
425 1511 472 1546 auo
489 1494 639 1560 legebatur:
657 1510 705 1559 ego
726 1501 813 1546 autem
830 1495 881 1544 buc
900 1495 949 1558 [ec.
961 1494 993 1542 ud
1008 1508 1059 1542 vua.
1072 1497 1096 1541 9.
1110 1490 1162 1555 lta]
1176 1491 1307 1554 revocavi,

210 1568 346 1624 praeeunte
358 1559 446 1610 Doara
458 1561 487 1608 P.
500 1573 547 1608 nec
565 1559 676 1609 mutabit
692 1557 801 1620 factum,
819 1558 864 1623 qul
881 1573 940 1608 cum
954 1557 1072 1606 ‘sublato
1082 1554 1194 1606 lumine’
1205 1569 1306 1617 compo·

209 1625 292 1676 cuerit
302 1625 310 1652 ⁴
321 1623 434 1673 crecnnr'
444 1623 515 1672 illrnu
525 1621 668 1673 ‘motnur.''
684 1621 793 1672 Broulrla.
815 1625 963 1686 Sequuntur
974 1621 1097 1670 Bartbiua
1109 1627 1137 1669 et
1148 1619 1238 1668 nuru.
1253 1618 1305 1668 Sed
1326 1657 1331 1670 .

210 1688 244 1738 ad
255 1687 366 1800 priorem
378 1687 432 1750 ejua
440 1687 527 1737 aedem
538 1686 564 1736 id
576 1687 686 1736 retraxit
698 1686 801 1736 Luciam.
819 1687 896 1738 Quod
908 1685 1033 1735 defendit.
1051 1685 1130 1734 Multa
1141 1688 1218 1734 urunt
1227 1697 1305 1746 oppos.

209 1751 253 1802 Ha
265 1753 343 1800 naiau.
370 1753 485 1801 Damnat
495 1752 585 1800 Burm.
614 1751 708 1815 Neque
720 1749 743 1800 ei
758 1750 879 1814 placetA
898 1749 996 1800 rrnauni
1008 1751 1152 1808 dederentur,
1166 1761 1216 1798 uec
1226 1747 1304 1796 ullam

208 1814 282 1864 ridet
293 1829 405 1876 caurum,
420 1829 467 1864 cur
476 1813 546 1864 uerba
557 1814 685 1878 improbet
700 1813 769 1926 (lup.
793 1767 950 1864 Schratlerua
962 1813 1069 1864 Eureud.
1081 1816 1105 1862 6.
1119 1827 1145 1876 p.
1157 1811 1304 1863 mavoluit

210 1879 315 1934 Quadra
331 1893 385 1954 epp.
400 1879 516 1928 rebamur
534 1879 637 1928 membru
654 1879 671 1928 l.
704 1879 738 1928 Se
768 1877 1305 1952 receptelectjubetaeauumquetecto·

208 1941 912 2072 t‘trtllttt:,lt‘tttlttnfltttltn
928 1939 1305 2056 libililltlffassll‘d

207 2069 590 2184 gudurffiugeffimnt.ag
607 2067 1305 2192 l'ill‘lllnil⁰‹²1flil..l⁸t²‘¹‘l'tlltl¹ll''lali

246 2149 261 2182 a
291 2149 336 2184 ιι.
372 2149 427 2184 ι..
471 2149 573 2184 ,οιιιιιιιι
600 2149 681 2184 rece.
806 2170 812 2184 .
985 2149 1054 2184 ene.
1133 2166 1140 2181 .
1210 2166 1218 2181 .

207 2212 233 2246 ao
253 2198 325 2247 Brlrr.
359 2199 449 2260 lapara
470 2199 561 2249 melina
581 2213 622 2248 rea
643 2197 765 2260 ondetrfi
783 2197 945 2262 ‘patefecit'
961 2197 1049 2248 Bana.
1082 2193 1263 2258 ‘Lapaelreid
1278 2199 1302 2245 2.

208 2268 237 2311 et
248 2274 288 2324 pr.
301 2259 360 2310 edd.
387 2261 472 2310 Iuram
482 2263 557 2312 Burr.
567 2263 614 2313 Lei
634 2297 641 2312 .
654 2267 675 2312 1.
692 2269 745 2311 trau
763 2263 839 2312 Vuae.
852 2263 932 2312 Dore.
943 2263 1004 2324 mei,
1014 2261 1087 2313 lunt.
1102 2259 1186 2310 Culiu.
1204 2259 1303 2323 Grypb

208 2325 301 2374 Bouill.
317 2325 375 2373 alie
396 2339 435 2373 ue.
468 2325 548 2376 larue
564 2327 628 2375 eutr.
661 2325 713 2375 Sed
831 2331 903 2376 recte
921 2325 997 2376 Perr.
1021 2339 1044 2372 a.
1060 2339 1083 2373 c.
1105 2324 1191 2373 Colot.
1208 2323 1304 2374 Pelet)

207 2389 345 2438 Berua-8
361 2339 410 2437 ‘ln
422 2396 510 2438 nostro
522 2393 547 2438 2.
564 2404 647 2438 ouem
664 2388 731 2454 quod
755 2389 852 2440 :fuerit
862 2405 939 2450 meua,
950 2403 999 2439 non
1012 2386 1128 2437 inenbido
1138 2401 1223 2438 aeuau.
1249 2387 1301 2438 Sed

208 2458 294 2502 umen
315 2451 376 2501 nibil
398 2451 521 2503 mutand!
537 2453 645 2502 Broukd.
677 2454 731 2501 ‘Et
752 2453 861 2502 abacta
881 2453 978 2503 Dread.
1013 2451 1301 2502 renuntiauere

200 2515 353 2576 lucretiam
363 2516 398 2576 τᾷ
405 2531 473 2566 meua
483 2515 648 2579 praeferend’
664 2517 755 2566 Burtb.
787 2517 859 2567 Lecta
868 2517 983 2566 nonnulli
992 2516 1069 2566 codd.
1088 2516 1202 2564 Damnat
1213 2515 1301 2566 Burm.

206 2583 256 2629 -o
273 2581 395 2629 Maternae
404 2588 432 2629 et
442 2581 518 2644 paulo
529 2589 590 2630 aute
601 2595 725 2630 mmmm
736 2594 794 2645 pro,
807 2587 945 2642 mutamur,
961 2581 978 2628 i.
993 2595 1018 2630 e.
1033 2580 1196 2641 mutavimus,
1205 2587 1233 2628 et
1244 2593 1300 2628 nur·

207 2641 303 2707 timna,
315 2645 332 2692 i.
344 2658 368 2694 e.
380 2646 546 2705 narravimua,
557 2645 665 2708 exponit
676 2643 745 2708 (inp.
754 2643 787 2693 ad
795 2645 900 2696 Terent.
908 2644 1019 2705 Adelph.
1030 2657 1075 2694 ιιι.
1083 2647 1107 2692 Ι.
1117 2659 1143 2706 p.
1152 2647 1210 2692 eet.
1244 2645 1301 2693 dta-

206 2711 285 2758 tuatea
295 2706 384 2772 dyrm.
397 2709 511 2760 Damnat
521 2709 607 2758 Burn.
635 2709 812 2772 Proquatuaa
820 2709 966 2773 (inpurum
975 2711 1099 2758 tan-ru
1115 2706 1301 2758 labdaDread.

701 2853 819 2928 nora

237 2960 253 3005 a
264 2955 493 3019 appententem]
510 2959 652 3008 Lucernam
663 2957 733 3008 illem
773 2957 841 3008 noda
852 2965 943 3023 erepto
953 2971 1053 3007 mecum
1063 2955 1177 3006 luctatur
1188 2955 1302 3007 amictu!

205 3031 296 3094 accipe
312 3030 495 3095 cubicularem,
505 3033 538 3082 de
550 3047 602 3097 qua
616 3035 732 3085 Martini.
805 3036 822 3082 d
840 3032 929 3082 Taaa'ru
945 3030 1016 3082 decit
1032 3037 1113 3096 opertu
1126 3033 1227 3098 narum]
1251 3033 1301 3083 Re·

204 3107 231 3156 ln
243 3105 377 3171 Apophor.
392 3109 531 3159 ‘Lucerna
541 3109 623 3160 dulcia
640 3111 732 3161 lectuli
772 3115 873 3160 munta
890 3114 931 3158 ert
947 3120 1030 3158 rneam
1050 3107 1230 3171 cupiditatem,
1247 3123 1301 3158 mo·

203 3180 323 3231 conscia!
354 3181 395 3231 ad
412 3182 731 3250 lucernaaetiernapeeta-
771 3199 876 3250 remque
894 3183 984 3248 injecit
1000 3183 1083 3248 operi.
1116 3183 1167 3234 Or.
1178 3197 1198 3233 1.
1209 3183 1299 3234 Amor.

203 3256 301 3307 bantur
316 3259 498 3319 meretriculae,
509 3267 539 3310 ut
549 3260 627 3312 babet
638 3263 731 3313 Horat.
771 3265 795 3311 b.
811 3261 899 3310 ‘Ecca
910 3258 1023 3309 Corinna
1032 3257 1106 3308 acuit
1117 3257 1204 3308 tunica
1215 3259 1301 3309 relata

202 3343 235 3381 ιι.
249 3335 313 3382 Μ.
770 3335 887 3386 recincta
897 3331 1033 3398 credite:
1042 3337 1092 3384 &c
1123 3331 1300 3397 'Deripuitm

235 3407 457 3472 Nurruanuacerllu]
469 3409 612 3460 Blanditiea
622 3410 729 3462 dicimur
769 3413 872 3472 ulcam;
888 3426 937 3461 nec
964 3411 1073 3462 multum
1095 3424 1155 3460 rara
1170 3411 1299 3461 nocebat:

202 3481 295 3531 ameria
305 3483 440 3546 praetudla,
450 3498 495 3534 eeu
505 3485 615 3536 Veneria
625 3486 730 3536 euticu-
769 3487 909 3551 Pugnabat
920 3487 1009 3539 tunica
1020 3503 1048 3536 ae
1060 3495 1146 3538 tamen
1158 3489 1204 3538 illa
1214 3489 1284 3553 tegi!

201 3557 260 3618 ula3
286 3557 354 3606 unde
377 3565 404 3607 et
430 3559 561 3609 Catulinae
588 3560 730 3612 ‘Verbera
800 3563 954 3624 tPatesecit
971 3565 1053 3613 caedra
1075 3563 1136 3626 Ore]
1162 3564 1299 3628 Significat

202 3631 298 3695 gaudet
310 3631 397 3680 Veuua
407 3633 526 3697 loquela!
557 3634 648 3684 Dabla
659 3636 730 3686 blau·
769 3641 858 3692 ceculo
877 3639 926 3689 aibi
942 3639 1052 3689 amicam
1070 3640 1299 3704 ocutoaeperelaau

201 3708 272 3759 ditlia
283 3707 334 3759 ald.
346 3707 398 3758 Or.
410 3723 442 3759 ιι.
451 3709 483 3759 Α.
492 3707 525 3760 Α.
538 3709 585 3760 rub
595 3709 681 3762 finem.
770 3729 859 3766 somno
870 3727 1018 3778 oppreeuoa.

232 3788 249 3834 d
265 3783 362 3834 &blato
378 3783 465 3834 lamiae
482 3783 550 3849 ruer]
572 3787 681 3838 Remota
691 3787 728 3838 lu·
801 3790 921 3842 edieciae
931 3789 1074 3854 lratrjurea]
1083 3790 1172 3840 Verba
1182 3797 1242 3841 eunt
1251 3807 1298 3856 pu·

199 3872 281 3909 cerna
291 3873 384 3924 magna
398 3859 449 3909 t'ult
466 3860 534 3910 luter
549 3869 665 3913 amanter
676 3876 728 3914 nou
769 3867 827 3918 ella
834 3868 967 3933 Propertii
974 3867 1013 3917 eui
1023 3865 1206 3917 lentitudinem
1216 3882 1249 3918 ac
1259 3869 1296 3918 in·

198 3936 281 3985 aolunr
292 3935 386 3985 ameria
402 3936 528 4000 volitatio,
544 3937 630 3987 aedat
641 3940 726 4002 gravia
766 3943 859 3992 cutiam
869 3941 1038 4005 increpantia.

199 4025 296 4074 pugna.
801 4023 831 4066 tu
849 4019 934 4068 Οκιιὶιι
951 4021 1006 4066 aaut
1022 4016 1107 4082 lubria]
1133 4018 1178 4066 De
1200 4020 1296 4069 peculia

230 4089 245 4131 u
264 4084 468 4134 Naduta'aleetntu
476 4086 583 4150 pupillis]
599 4088 728 4140 Quemad·
765 4089 895 4157 varllaque
917 4090 1078 4155 amplexibua
1095 4092 1232 4155 eleganter
1246 4094 1297 4143 Pe·

198 4157 301 4206 mudum
320 4165 347 4207 et
366 4158 431 4209 dixit
441 4160 481 4210 El.
493 4165 516 4213 l.
527 4162 580 4224 huj.
591 4163 636 4212 llb.
653 4164 726 4214 ‘Seu
766 4173 834 4218 trun.
850 4167 927 4218 ‘Jem
947 4164 1064 4232 pturttua
1086 4167 1181 4218 oaculia
1203 4168 1293 4219 calliae
