<?xml version="1.0" encoding="UTF-8"?>
<!DOCTYPE html PUBLIC "-//W3C//DTD XHTML 1.0 Transitional//EN"
    "http://www.w3.org/TR/xhtml1/DTD/xhtml1-transitional.dtd">
<html xmlns="http://www.w3.org/1999/xhtml" xml:lang="en" lang="en">
 <head>
  <title>
</title>
<meta http-equiv="Content-Type" content="text/html;charset=utf-8" />
  <meta name='ocr-system' content='tesseract 3.04.00' />
  <meta name='ocr-capabilities' content='ocr_page ocr_carea ocr_par ocr_line ocrx_word'/>
</head>
<body>
  <div class='ocr_page' id='page_1' title='image "./operaomniaexedi01propgoog_0017.png"; bbox 0 0 2920 4770; ppageno 0'>
   <div class='ocr_carea' id='block_1_1' title="bbox 216 297 867 356">
    <p class='ocr_par' dir='ltr' id='par_1_1' title="bbox 216 297 867 356">
     <span class='ocr_line' id='line_1_1' title="bbox 216 297 867 356; baseline -0.015 0"><span class='ocrx_word' id='word_1_1' title='bbox 216 297 239 356; x_wconf 81' lang='lat' dir='ltr'><strong>t</strong></span> <span class='ocrx_word' id='word_1_2' title='bbox 659 300 867 351; x_wconf 68' lang='lat' dir='ltr'><strong>rubuario.</strong></span> 
     </span>
    </p>
   </div>
   <div class='ocr_carea' id='block_1_2' title="bbox 216 435 1320 4159">
    <p class='ocr_par' dir='ltr' id='par_1_2' title="bbox 216 435 1316 2248">
     <span class='ocr_line' id='line_1_2' title="bbox 218 435 1310 524; baseline -0.016 -7"><span class='ocrx_word' id='word_1_3' title='bbox 218 449 428 518; x_wconf 86' lang='lat' dir='ltr'><strong>Broukbnsio</strong></span> <span class='ocrx_word' id='word_1_4' title='bbox 442 443 595 524; x_wconf 91' lang='lat' dir='ltr'><strong>collatus,</strong></span> <span class='ocrx_word' id='word_1_5' title='bbox 609 444 700 508; x_wconf 90' lang='lat' dir='ltr'><strong>idern</strong></span> <span class='ocrx_word' id='word_1_6' title='bbox 714 443 771 506; x_wconf 91' lang='lat' dir='ltr'><strong>ille</strong></span> <span class='ocrx_word' id='word_1_7' title='bbox 797 449 876 506; x_wconf 89' lang='lat' dir='ltr'><strong>tunc</strong></span> <span class='ocrx_word' id='word_1_8' title='bbox 891 443 1049 524; x_wconf 89' lang='lat' dir='ltr'><strong>repertus,</strong></span> <span class='ocrx_word' id='word_1_9' title='bbox 1063 436 1232 502; x_wconf 85' lang='lat' dir='ltr'><strong>habendus</strong></span> <span class='ocrx_word' id='word_1_10' title='bbox 1248 435 1310 515; x_wconf 87' lang='lat' dir='ltr'><strong>sit;</strong></span> 
     </span>
     <span class='ocr_line' id='line_1_3' title="bbox 217 537 1311 631; baseline -0.016 -13"><span class='ocrx_word' id='word_1_11' title='bbox 217 554 272 620; x_wconf 81' lang='lat' dir='ltr'><strong>uel</strong></span> <span class='ocrx_word' id='word_1_12' title='bbox 284 559 323 616; x_wconf 90' lang='lat' dir='ltr'><strong>ut</strong></span> <span class='ocrx_word' id='word_1_13' title='bbox 338 549 573 615; x_wconf 83' lang='lat' dir='ltr'><strong>Broukbusius</strong></span> <span class='ocrx_word' id='word_1_14' title='bbox 595 548 629 611; x_wconf 92' lang='lat' dir='ltr'><strong>in</strong></span> <span class='ocrx_word' id='word_1_15' title='bbox 651 553 752 610; x_wconf 73' lang='lat' dir='ltr'><strong>aetate</strong></span> <span class='ocrx_word' id='word_1_16' title='bbox 768 539 867 631; x_wconf 87' lang='lat' dir='ltr'><strong>hujus</strong></span> <span class='ocrx_word' id='word_1_17' title='bbox 885 541 1014 606; x_wconf 91' lang='lat' dir='ltr'><strong>codicis</strong></span> <span class='ocrx_word' id='word_1_18' title='bbox 1029 539 1208 604; x_wconf 79' lang='lat' dir='ltr'><strong>Franciani</strong></span> <span class='ocrx_word' id='word_1_19' title='bbox 1221 537 1311 603; x_wconf 71' lang='lat' dir='ltr'><strong>msti-</strong></span> 
     </span>
     <span class='ocr_line' id='line_1_4' title="bbox 216 641 1310 719; baseline -0.016 -1"><span class='ocrx_word' id='word_1_20' title='bbox 216 653 339 719; x_wconf 86' lang='lat' dir='ltr'><strong>manda</strong></span> <span class='ocrx_word' id='word_1_21' title='bbox 367 652 486 714; x_wconf 90' lang='lat' dir='ltr'><strong>mirum</strong></span> <span class='ocrx_word' id='word_1_22' title='bbox 514 651 548 714; x_wconf 93' lang='lat' dir='ltr'><strong>in</strong></span> <span class='ocrx_word' id='word_1_23' title='bbox 569 648 705 712; x_wconf 90' lang='lat' dir='ltr'><strong>modurn</strong></span> <span class='ocrx_word' id='word_1_24' title='bbox 734 643 902 710; x_wconf 81' lang='lat' dir='ltr'><strong>erraverit.</strong></span> <span class='ocrx_word' id='word_1_25' title='bbox 946 641 1039 706; x_wconf 86' lang='lat' dir='ltr'><strong>Huic</strong></span> <span class='ocrx_word' id='word_1_26' title='bbox 1069 641 1157 705; x_wconf 90' lang='lat' dir='ltr'><strong>enim</strong></span> <span class='ocrx_word' id='word_1_27' title='bbox 1179 656 1310 704; x_wconf 84' lang='lat' dir='ltr'><strong>summo</strong></span> 
     </span>
     <span class='ocr_line' id='line_1_5' title="bbox 217 741 1311 820; baseline -0.016 0"><span class='ocrx_word' id='word_1_28' title='bbox 217 755 302 820; x_wconf 91' lang='lat' dir='ltr'><strong>Viro</strong></span> <span class='ocrx_word' id='word_1_29' title='bbox 324 751 433 817; x_wconf 82' lang='lat' dir='ltr'><strong>codex</strong></span> <span class='ocrx_word' id='word_1_30' title='bbox 456 751 513 814; x_wconf 89' lang='lat' dir='ltr'><strong>ille</strong></span> <span class='ocrx_word' id='word_1_31' title='bbox 537 749 671 814; x_wconf 81' lang='lat' dir='ltr'><strong>Francii</strong></span> <span class='ocrx_word' id='word_1_32' title='bbox 693 747 790 811; x_wconf 84' lang='lat' dir='ltr'><strong>facile</strong></span> <span class='ocrx_word' id='word_1_33' title='bbox 812 764 914 809; x_wconf 89' lang='lat' dir='ltr'><strong>annos</strong></span> <span class='ocrx_word' id='word_1_34' title='bbox 933 743 1008 807; x_wconf 80' lang='grc'><strong>400.</strong></span> <span class='ocrx_word' id='word_1_35' title='bbox 1031 741 1193 806; x_wconf 84' lang='lat' dir='ltr'><strong>excedere</strong></span> <span class='ocrx_word' id='word_1_36' title='bbox 1216 741 1311 804; x_wconf 81' lang='lat' dir='ltr'><strong>uisus</strong></span> 
     </span>
     <span class='ocr_line' id='line_1_6' title="bbox 216 840 1312 936; baseline -0.016 -16"><span class='ocrx_word' id='word_1_37' title='bbox 216 855 289 920; x_wconf 83' lang='lat' dir='ltr'><strong>snit.</strong></span> <span class='ocrx_word' id='word_1_38' title='bbox 333 852 509 918; x_wconf 77' lang='lat' dir='ltr'>Scribebat</span> <span class='ocrx_word' id='word_1_39' title='bbox 523 869 602 914; x_wconf 88' lang='lat' dir='ltr'><strong>vero</strong></span> <span class='ocrx_word' id='word_1_40' title='bbox 624 849 698 914; x_wconf 80' lang='lat' dir='ltr'><strong>baec</strong></span> <span class='ocrx_word' id='word_1_41' title='bbox 721 844 954 911; x_wconf 85' lang='lat' dir='ltr'><strong>Bronkbusius</strong></span> <span class='ocrx_word' id='word_1_42' title='bbox 976 843 1011 906; x_wconf 91' lang='lat' dir='ltr'><strong>in</strong></span> <span class='ocrx_word' id='word_1_43' title='bbox 1027 841 1126 906; x_wconf 75' lang='lat' dir='ltr'><strong>Praei.</strong></span> <span class='ocrx_word' id='word_1_44' title='bbox 1149 840 1192 905; x_wconf 85' lang='lat' dir='ltr'><strong>ad</strong></span> <span class='ocrx_word' id='word_1_45' title='bbox 1217 859 1312 936; x_wconf 83' lang='lat' dir='ltr'><strong>suam</strong></span> 
     </span>
     <span class='ocr_line' id='line_1_7' title="bbox 218 933 1313 1038; baseline -0.014 -17"><span class='ocrx_word' id='word_1_46' title='bbox 218 957 296 1021; x_wconf 90' lang='lat' dir='ltr'><strong>edit.</strong></span> <span class='ocrx_word' id='word_1_47' title='bbox 310 933 448 1038; x_wconf 77' lang='lat' dir='ltr'><strong>priorem</strong></span> <span class='ocrx_word' id='word_1_48' title='bbox 464 951 507 1016; x_wconf 82' lang='lat' dir='ltr'><strong>A.</strong></span> <span class='ocrx_word' id='word_1_49' title='bbox 523 949 562 1016; x_wconf 86' lang='lat' dir='ltr'><strong>C.</strong></span> <span class='ocrx_word' id='word_1_50' title='bbox 577 950 672 1016; x_wconf 73' lang='lat'><strong>1702.</strong></span> <span class='ocrx_word' id='word_1_51' title='bbox 688 949 772 1013; x_wconf 77' lang='lat' dir='ltr'><strong>odeo</strong></span> <span class='ocrx_word' id='word_1_52' title='bbox 787 951 824 1011; x_wconf 90' lang='lat' dir='ltr'><strong>ut</strong></span> <span class='ocrx_word' id='word_1_53' title='bbox 836 947 921 1010; x_wconf 91' lang='lat' dir='ltr'><strong>bunc</strong></span> <span class='ocrx_word' id='word_1_54' title='bbox 935 944 1086 1010; x_wconf 82' lang='lat' dir='ltr'><strong>codicem</strong></span> <span class='ocrx_word' id='word_1_55' title='bbox 1101 948 1175 1007; x_wconf 89' lang='lat' dir='ltr'><strong>ante</strong></span> <span class='ocrx_word' id='word_1_56' title='bbox 1188 959 1313 1006; x_wconf 87' lang='lat' dir='ltr'><strong>annum</strong></span> 
     </span>
     <span class='ocr_line' id='line_1_8' title="bbox 217 1042 1313 1137; baseline -0.015 -16"><span class='ocrx_word' id='word_1_57' title='bbox 217 1057 313 1122; x_wconf 75' lang='lat'><strong>1302.</strong></span> <span class='ocrx_word' id='word_1_58' title='bbox 329 1055 490 1137; x_wconf 88' lang='lat' dir='ltr'><strong>scriptum</strong></span> <span class='ocrx_word' id='word_1_59' title='bbox 504 1057 749 1135; x_wconf 83' lang='lat' dir='ltr'><strong>esseoporteot.</strong></span> <span class='ocrx_word' id='word_1_60' title='bbox 771 1049 824 1114; x_wconf 90' lang='lat' dir='ltr'><strong>Sit</strong></span> <span class='ocrx_word' id='word_1_61' title='bbox 836 1047 937 1131; x_wconf 84' lang='lat' dir='ltr'><strong>igitur</strong></span> <span class='ocrx_word' id='word_1_62' title='bbox 946 1064 1051 1131; x_wconf 88' lang='lat' dir='ltr'><strong>penes</strong></span> <span class='ocrx_word' id='word_1_63' title='bbox 1064 1045 1140 1109; x_wconf 89' lang='lat' dir='ltr'><strong>illos</strong></span> <span class='ocrx_word' id='word_1_64' title='bbox 1148 1042 1313 1128; x_wconf 87' lang='lat' dir='ltr'><strong>judicium</strong></span> 
     </span>
     <span class='ocr_line' id='line_1_9' title="bbox 219 1142 1313 1242; baseline -0.014 -21"><span class='ocrx_word' id='word_1_65' title='bbox 219 1159 342 1242; x_wconf 86' lang='lat' dir='ltr'><strong>quibos</strong></span> <span class='ocrx_word' id='word_1_66' title='bbox 371 1154 469 1219; x_wconf 87' lang='lat' dir='ltr'><strong>codd.</strong></span> <span class='ocrx_word' id='word_1_67' title='bbox 494 1154 570 1218; x_wconf 88' lang='lat' dir='ltr'><strong>illos</strong></span> <span class='ocrx_word' id='word_1_68' title='bbox 599 1153 682 1216; x_wconf 88' lang='lat' dir='ltr'><strong>licet</strong></span> <span class='ocrx_word' id='word_1_69' title='bbox 704 1150 890 1234; x_wconf 82' lang='lat' dir='ltr'><strong>inspicere:</strong></span> <span class='ocrx_word' id='word_1_70' title='bbox 921 1146 1001 1212; x_wconf 90' lang='lat' dir='ltr'><strong>mibi</strong></span> <span class='ocrx_word' id='word_1_71' title='bbox 1026 1153 1115 1212; x_wconf 91' lang='lat' dir='ltr'><strong>certe</strong></span> <span class='ocrx_word' id='word_1_72' title='bbox 1136 1142 1313 1228; x_wconf 77' lang='lat' dir='ltr'><strong>probabile</strong></span> 
     </span>
     <span class='ocr_line' id='line_1_10' title="bbox 217 1245 1313 1331; baseline -0.013 -8"><span class='ocrx_word' id='word_1_73' title='bbox 217 1259 316 1323; x_wconf 83' lang='lat' dir='ltr'><strong>fuerit</strong></span> <span class='ocrx_word' id='word_1_74' title='bbox 330 1255 483 1320; x_wconf 89' lang='lat' dir='ltr'><strong>codicem</strong></span> <span class='ocrx_word' id='word_1_75' title='bbox 496 1253 603 1330; x_wconf 91' lang='lat' dir='ltr'><strong>illum,</strong></span> <span class='ocrx_word' id='word_1_76' title='bbox 617 1253 653 1316; x_wconf 94' lang='lat' dir='ltr'><strong>in</strong></span> <span class='ocrx_word' id='word_1_77' title='bbox 668 1251 753 1316; x_wconf 88' lang='lat' dir='ltr'><strong>cella</strong></span> <span class='ocrx_word' id='word_1_78' title='bbox 765 1250 892 1314; x_wconf 72' lang='lat' dir='ltr'><strong>vinata</strong></span> <span class='ocrx_word' id='word_1_79' title='bbox 908 1254 1084 1331; x_wconf 89' lang='lat' dir='ltr'><strong>repertum,</strong></span> <span class='ocrx_word' id='word_1_80' title='bbox 1100 1245 1313 1310; x_wconf 77' lang='lat' dir='ltr'><strong>occasionem</strong></span> 
     </span>
     <span class='ocr_line' id='line_1_11' title="bbox 218 1346 1313 1440; baseline -0.013 -18"><span class='ocrx_word' id='word_1_81' title='bbox 218 1360 319 1423; x_wconf 90' lang='lat' dir='ltr'><strong>modo</strong></span> <span class='ocrx_word' id='word_1_82' title='bbox 334 1357 519 1440; x_wconf 77' lang='lat' dir='ltr'><strong>praebuisse</strong></span> <span class='ocrx_word' id='word_1_83' title='bbox 527 1355 564 1418; x_wconf 92' lang='lat' dir='ltr'><strong>in</strong></span> <span class='ocrx_word' id='word_1_84' title='bbox 578 1355 770 1435; x_wconf 86' lang='lat' dir='ltr'><strong>scriptorem</strong></span> <span class='ocrx_word' id='word_1_85' title='bbox 782 1353 848 1416; x_wconf 90' lang='lat' dir='ltr'><strong>buc</strong></span> <span class='ocrx_word' id='word_1_86' title='bbox 859 1369 963 1435; x_wconf 91' lang='lat' dir='ltr'><strong>nsque</strong></span> <span class='ocrx_word' id='word_1_87' title='bbox 978 1369 1019 1413; x_wconf 90' lang='lat' dir='ltr'><strong>ne</strong></span> <span class='ocrx_word' id='word_1_88' title='bbox 1032 1347 1166 1412; x_wconf 89' lang='lat' dir='ltr'><strong>nomine</strong></span> <span class='ocrx_word' id='word_1_89' title='bbox 1177 1346 1313 1431; x_wconf 80' lang='lat' dir='ltr'><strong>quiden</strong></span> 
     </span>
     <span class='ocr_line' id='line_1_12' title="bbox 219 1451 1314 1542; baseline -0.013 -18"><span class='ocrx_word' id='word_1_90' title='bbox 219 1461 386 1542; x_wconf 83' lang='lat' dir='ltr'><strong>cognitum</strong></span> <span class='ocrx_word' id='word_1_91' title='bbox 401 1455 598 1540; x_wconf 91' lang='lat' dir='ltr'><strong>inquirendi,</strong></span> <span class='ocrx_word' id='word_1_92' title='bbox 612 1455 752 1539; x_wconf 88' lang='lat' dir='ltr'><strong>ejusque</strong></span> <span class='ocrx_word' id='word_1_93' title='bbox 767 1454 891 1536; x_wconf 86' lang='lat' dir='ltr'><strong>scripte</strong></span> <span class='ocrx_word' id='word_1_94' title='bbox 905 1453 939 1514; x_wconf 95' lang='lat' dir='ltr'><strong>in</strong></span> <span class='ocrx_word' id='word_1_95' title='bbox 951 1451 1058 1515; x_wconf 89' lang='lat' dir='ltr'><strong>lucem</strong></span> <span class='ocrx_word' id='word_1_96' title='bbox 1072 1455 1314 1532; x_wconf 78' lang='lat' dir='ltr'><strong>aspectumque</strong></span> 
     </span>
     <span class='ocr_line' id='line_1_13' title="bbox 218 1549 1313 1640; baseline -0.011 -17"><span class='ocrx_word' id='word_1_97' title='bbox 218 1560 386 1624; x_wconf 90' lang='lat' dir='ltr'><strong>bominum</strong></span> <span class='ocrx_word' id='word_1_98' title='bbox 410 1555 631 1640; x_wconf 76' lang='lat' dir='ltr'><strong>protrahendi.</strong></span> <span class='ocrx_word' id='word_1_99' title='bbox 675 1553 861 1637; x_wconf 86' lang='lat' dir='ltr'><strong>Utcumque</strong></span> <span class='ocrx_word' id='word_1_100' title='bbox 883 1551 941 1629; x_wconf 87' lang='lat' dir='ltr'><strong>sit,</strong></span> <span class='ocrx_word' id='word_1_101' title='bbox 956 1549 1020 1616; x_wconf 91' lang='lat' dir='ltr'><strong>Vir</strong></span> <span class='ocrx_word' id='word_1_102' title='bbox 1040 1550 1156 1615; x_wconf 86' lang='lat' dir='ltr'><strong>doctos</strong></span> <span class='ocrx_word' id='word_1_103' title='bbox 1177 1565 1313 1632; x_wconf 89' lang='lat' dir='ltr'><strong>quoqne</strong></span> 
     </span>
     <span class='ocr_line' id='line_1_14' title="bbox 219 1649 1313 1744; baseline -0.009 -21"><span class='ocrx_word' id='word_1_104' title='bbox 219 1679 327 1744; x_wconf 90' lang='lat' dir='ltr'><strong>nuper</strong></span> <span class='ocrx_word' id='word_1_105' title='bbox 339 1659 372 1722; x_wconf 92' lang='lat' dir='ltr'><strong>in</strong></span> <span class='ocrx_word' id='word_1_106' title='bbox 388 1657 548 1722; x_wconf 90' lang='lat' dir='ltr'><strong>Bibliotb.</strong></span> <span class='ocrx_word' id='word_1_107' title='bbox 562 1656 710 1738; x_wconf 86' lang='lat' dir='ltr'><strong>Gotting.</strong></span> <span class='ocrx_word' id='word_1_108' title='bbox 726 1653 849 1718; x_wconf 92' lang='lat' dir='ltr'><strong>Pbilol.</strong></span> <span class='ocrx_word' id='word_1_109' title='bbox 869 1658 893 1715; x_wconf 91' lang='lat' dir='ltr'><strong>t.</strong></span> <span class='ocrx_word' id='word_1_110' title='bbox 909 1667 966 1714; x_wconf 94' lang='grc' dir='ltr'><strong>ιιι.</strong></span> <span class='ocrx_word' id='word_1_111' title='bbox 990 1651 1117 1716; x_wconf 86' lang='lat' dir='ltr'><strong>Partic.</strong></span> <span class='ocrx_word' id='word_1_112' title='bbox 1130 1650 1163 1714; x_wconf 79' lang='lat'><strong>4.</strong></span> <span class='ocrx_word' id='word_1_113' title='bbox 1184 1667 1220 1732; x_wconf 90' lang='lat' dir='ltr'><strong>p.</strong></span> <span class='ocrx_word' id='word_1_114' title='bbox 1235 1649 1313 1714; x_wconf 76' lang='grc'><strong>850.</strong></span> 
     </span>
     <span class='ocr_line' id='line_1_15' title="bbox 218 1751 1314 1830; baseline -0.011 -6"><span class='ocrx_word' id='word_1_115' title='bbox 218 1760 260 1826; x_wconf 93' lang='lat' dir='ltr'><strong>de</strong></span> <span class='ocrx_word' id='word_1_116' title='bbox 280 1761 415 1823; x_wconf 88' lang='lat' dir='ltr'><strong>veritate</strong></span> <span class='ocrx_word' id='word_1_117' title='bbox 439 1757 531 1821; x_wconf 91' lang='lat' dir='ltr'><strong>illios</strong></span> <span class='ocrx_word' id='word_1_118' title='bbox 545 1755 801 1820; x_wconf 75' lang='lat' dir='ltr'><strong>narratiunculae</strong></span> <span class='ocrx_word' id='word_1_119' title='bbox 823 1752 999 1830; x_wconf 82' lang='lat' dir='ltr'><strong>dubitarit,</strong></span> <span class='ocrx_word' id='word_1_120' title='bbox 1014 1751 1097 1815; x_wconf 86' lang='lat' dir='ltr'><strong>odeo</strong></span> <span class='ocrx_word' id='word_1_121' title='bbox 1112 1757 1150 1814; x_wconf 90' lang='lat' dir='ltr'><strong>nt</strong></span> <span class='ocrx_word' id='word_1_122' title='bbox 1171 1757 1246 1814; x_wconf 87' lang='lat' dir='ltr'><strong>tota</strong></span> <span class='ocrx_word' id='word_1_123' title='bbox 1260 1768 1314 1814; x_wconf 84' lang='lat' dir='ltr'><strong>res</strong></span> 
     </span>
     <span class='ocr_line' id='line_1_16' title="bbox 218 1855 1315 1940; baseline -0.005 -15"><span class='ocrx_word' id='word_1_124' title='bbox 218 1857 288 1926; x_wconf 84' lang='lat' dir='ltr'><strong>tuni</strong></span> <span class='ocrx_word' id='word_1_125' title='bbox 304 1861 436 1926; x_wconf 91' lang='lat' dir='ltr'><strong>demum</strong></span> <span class='ocrx_word' id='word_1_126' title='bbox 452 1861 541 1925; x_wconf 89' lang='lat' dir='ltr'><strong>omni</strong></span> <span class='ocrx_word' id='word_1_127' title='bbox 564 1859 773 1925; x_wconf 80' lang='lat' dir='ltr'><strong>dubitatione</strong></span> <span class='ocrx_word' id='word_1_128' title='bbox 794 1857 930 1923; x_wconf 81' lang='lat' dir='ltr'><strong>lrberroi</strong></span> <span class='ocrx_word' id='word_1_129' title='bbox 952 1875 1051 1940; x_wconf 74' lang='lat' dir='ltr'><strong>poem</strong></span> <span class='ocrx_word' id='word_1_130' title='bbox 1065 1855 1223 1934; x_wconf 78' lang='lat' dir='ltr'><strong>videntur,</strong></span> <span class='ocrx_word' id='word_1_131' title='bbox 1238 1874 1315 1920; x_wconf 90' lang='lat' dir='ltr'><strong>cnm</strong></span> 
     </span>
     <span class='ocr_line' id='line_1_17' title="bbox 219 1957 1316 2045; baseline -0.005 -19"><span class='ocrx_word' id='word_1_132' title='bbox 219 1963 339 2045; x_wconf 86' lang='lat' dir='ltr'><strong>reliqui</strong></span> <span class='ocrx_word' id='word_1_133' title='bbox 355 1961 454 2026; x_wconf 90' lang='lat' dir='ltr'><strong>codd.</strong></span> <span class='ocrx_word' id='word_1_134' title='bbox 469 1962 620 2043; x_wconf 71' lang='lat' dir='ltr'><strong>Propere</strong></span> <span class='ocrx_word' id='word_1_135' title='bbox 634 1960 779 2024; x_wconf 91' lang='lat' dir='ltr'><strong>nondum</strong></span> <span class='ocrx_word' id='word_1_136' title='bbox 795 1957 950 2042; x_wconf 85' lang='lat' dir='ltr'><strong>inspecti,</strong></span> <span class='ocrx_word' id='word_1_137' title='bbox 965 1957 1000 2021; x_wconf 93' lang='lat' dir='ltr'><strong>in</strong></span> <span class='ocrx_word' id='word_1_138' title='bbox 1014 1957 1100 2022; x_wconf 82' lang='lat' dir='ltr'><strong>locis</strong></span> <span class='ocrx_word' id='word_1_139' title='bbox 1114 1957 1232 2022; x_wconf 85' lang='lat' dir='ltr'><strong>saltem</strong></span> <span class='ocrx_word' id='word_1_140' title='bbox 1244 1976 1316 2021; x_wconf 93' lang='lat' dir='ltr'><strong>cor·</strong></span> 
     </span>
     <span class='ocr_line' id='line_1_18' title="bbox 219 2057 1315 2146; baseline -0.004 -20"><span class='ocrx_word' id='word_1_141' title='bbox 219 2064 325 2146; x_wconf 87' lang='lat' dir='ltr'><strong>ruptis</strong></span> <span class='ocrx_word' id='word_1_142' title='bbox 339 2082 380 2126; x_wconf 85' lang='lat' dir='ltr'><strong>ac</strong></span> <span class='ocrx_word' id='word_1_143' title='bbox 395 2061 523 2125; x_wconf 87' lang='lat' dir='ltr'><strong>mutilis</strong></span> <span class='ocrx_word' id='word_1_144' title='bbox 538 2061 693 2139; x_wconf 90' lang='lat' dir='ltr'><strong>consulti,</strong></span> <span class='ocrx_word' id='word_1_145' title='bbox 712 2062 746 2124; x_wconf 91' lang='lat' dir='ltr'><strong>in</strong></span> <span class='ocrx_word' id='word_1_146' title='bbox 758 2059 866 2145; x_wconf 82' lang='lat' dir='ltr'><strong>iisqne</strong></span> <span class='ocrx_word' id='word_1_147' title='bbox 887 2059 988 2125; x_wconf 84' lang='lat' dir='ltr'><strong>etiarn</strong></span> <span class='ocrx_word' id='word_1_148' title='bbox 1010 2059 1185 2124; x_wconf 83' lang='lat' dir='ltr'><strong>manifesto</strong></span> <span class='ocrx_word' id='word_1_149' title='bbox 1199 2057 1315 2122; x_wconf 82' lang='lat' dir='ltr'><strong>vitiosi</strong></span> 
     </span>
     <span class='ocr_line' id='line_1_19' title="bbox 220 2162 560 2248; baseline 0 -21"><span class='ocrx_word' id='word_1_150' title='bbox 220 2162 560 2248; x_wconf 74' lang='lat' dir='ltr'><strong>deprehensi-fuerint.</strong></span> 
     </span>
    </p>

    <p class='ocr_par' dir='ltr' id='par_1_3' title="bbox 219 2258 1320 4159">
     <span class='ocr_line' id='line_1_20' title="bbox 263 2258 1316 2344; baseline -0.004 -16"><span class='ocrx_word' id='word_1_151' title='bbox 263 2265 349 2328; x_wconf 88' lang='lat' dir='ltr'><strong>Post</strong></span> <span class='ocrx_word' id='word_1_152' title='bbox 358 2261 493 2327; x_wconf 82' lang='lat' dir='ltr'><strong>Antonii</strong></span> <span class='ocrx_word' id='word_1_153' title='bbox 507 2261 629 2328; x_wconf 89' lang='lat' dir='ltr'><strong>Volsci</strong></span> <span class='ocrx_word' id='word_1_154' title='bbox 643 2260 750 2342; x_wconf 78' lang='lat' dir='ltr'><strong>igitur,</strong></span> <span class='ocrx_word' id='word_1_155' title='bbox 761 2263 873 2343; x_wconf 88' lang='lat' dir='ltr'><strong>(quem</strong></span> <span class='ocrx_word' id='word_1_156' title='bbox 884 2259 1114 2325; x_wconf 84' lang='lat' dir='ltr'><strong>Broolrbusins</strong></span> <span class='ocrx_word' id='word_1_157' title='bbox 1129 2258 1316 2344; x_wconf 85' lang='lat' dir='ltr'><strong>aliquoties</strong></span> 
     </span>
     <span class='ocr_line' id='line_1_21' title="bbox 220 2361 1318 2448; baseline -0.003 -20"><span class='ocrx_word' id='word_1_158' title='bbox 220 2371 343 2448; x_wconf 76' lang='lat' dir='ltr'><strong>praeter</strong></span> <span class='ocrx_word' id='word_1_159' title='bbox 364 2383 520 2428; x_wconf 81' lang='lat' dir='ltr'><strong>caussam</strong></span> <span class='ocrx_word' id='word_1_160' title='bbox 543 2371 733 2446; x_wconf 85' lang='lat' dir='ltr'><strong>suspectum</strong></span> <span class='ocrx_word' id='word_1_161' title='bbox 746 2363 861 2427; x_wconf 86' lang='lat' dir='ltr'><strong>babuit</strong></span> <span class='ocrx_word' id='word_1_162' title='bbox 875 2362 918 2427; x_wconf 91' lang='lat' dir='ltr'><strong>de</strong></span> <span class='ocrx_word' id='word_1_163' title='bbox 932 2361 1022 2426; x_wconf 86' lang='lat' dir='ltr'><strong>lectt</strong></span> <span class='ocrx_word' id='word_1_164' title='bbox 1037 2381 1081 2427; x_wconf 85' lang='lat' dir='ltr'><strong>ex</strong></span> <span class='ocrx_word' id='word_1_165' title='bbox 1093 2362 1222 2445; x_wconf 85' lang='lat' dir='ltr'><strong>ingenio</strong></span> <span class='ocrx_word' id='word_1_166' title='bbox 1235 2381 1318 2426; x_wconf 92' lang='lat' dir='ltr'><strong>con·</strong></span> 
     </span>
     <span class='ocr_line' id='line_1_22' title="bbox 220 2460 1316 2548; baseline -0.001 -20"><span class='ocrx_word' id='word_1_167' title='bbox 220 2463 317 2542; x_wconf 88' lang='lat' dir='ltr'><strong>fictis,</strong></span> <span class='ocrx_word' id='word_1_168' title='bbox 332 2483 407 2529; x_wconf 89' lang='lat' dir='ltr'><strong>curn</strong></span> <span class='ocrx_word' id='word_1_169' title='bbox 422 2477 481 2529; x_wconf 83' lang='lat' dir='ltr'><strong>eus</strong></span> <span class='ocrx_word' id='word_1_170' title='bbox 505 2465 538 2528; x_wconf 91' lang='lat' dir='ltr'><strong>in</strong></span> <span class='ocrx_word' id='word_1_171' title='bbox 559 2464 701 2528; x_wconf 86' lang='lat' dir='ltr'><strong>editione</strong></span> <span class='ocrx_word' id='word_1_172' title='bbox 723 2464 869 2528; x_wconf 90' lang='lat' dir='ltr'><strong>omnium</strong></span> <span class='ocrx_word' id='word_1_173' title='bbox 883 2463 1036 2548; x_wconf 86' lang='lat' dir='ltr'><strong>principe</strong></span> <span class='ocrx_word' id='word_1_174' title='bbox 1058 2465 1217 2546; x_wconf 86' lang='lat' dir='ltr'><strong>repererit</strong></span> <span class='ocrx_word' id='word_1_175' title='bbox 1231 2460 1316 2527; x_wconf 84' lang='lat' dir='ltr'><strong>vn-</strong></span> 
     </span>
     <span class='ocr_line' id='line_1_23' title="bbox 220 2561 1316 2649; baseline -0.002 -19"><span class='ocrx_word' id='word_1_176' title='bbox 220 2561 326 2649; x_wconf 87' lang='lat' dir='ltr'><strong>pins,)</strong></span> <span class='ocrx_word' id='word_1_177' title='bbox 341 2563 511 2642; x_wconf 85' lang='lat' dir='ltr'><strong>Beroaldi,</strong></span> <span class='ocrx_word' id='word_1_178' title='bbox 527 2573 628 2648; x_wconf 89' lang='lat' dir='ltr'><strong>atque</strong></span> <span class='ocrx_word' id='word_1_179' title='bbox 647 2564 785 2629; x_wconf 87' lang='lat' dir='ltr'><strong>aliorum</strong></span> <span class='ocrx_word' id='word_1_180' title='bbox 800 2565 942 2643; x_wconf 87' lang='lat' dir='ltr'><strong>labores,</strong></span> <span class='ocrx_word' id='word_1_181' title='bbox 965 2565 1008 2630; x_wconf 92' lang='lat' dir='ltr'><strong>de</strong></span> <span class='ocrx_word' id='word_1_182' title='bbox 1023 2565 1199 2648; x_wconf 85' lang='lat' dir='ltr'><strong>Propertio</strong></span> <span class='ocrx_word' id='word_1_183' title='bbox 1223 2563 1316 2649; x_wconf 87' lang='lat' dir='ltr'><strong>ejus-</strong></span> 
     </span>
     <span class='ocr_line' id='line_1_24' title="bbox 221 2663 1316 2751; baseline -0.002 -21"><span class='ocrx_word' id='word_1_184' title='bbox 221 2687 288 2751; x_wconf 88' lang='lat' dir='ltr'><strong>que</strong></span> <span class='ocrx_word' id='word_1_185' title='bbox 304 2673 462 2731; x_wconf 82' lang='lat' dir='ltr'><strong>contextu</strong></span> <span class='ocrx_word' id='word_1_186' title='bbox 477 2667 563 2730; x_wconf 87' lang='lat' dir='ltr'><strong>bene</strong></span> <span class='ocrx_word' id='word_1_187' title='bbox 578 2665 683 2731; x_wconf 90' lang='lat' dir='ltr'><strong>meriti</strong></span> <span class='ocrx_word' id='word_1_188' title='bbox 708 2674 787 2730; x_wconf 88' lang='lat' dir='ltr'><strong>sunt</strong></span> <span class='ocrx_word' id='word_1_189' title='bbox 803 2663 955 2731; x_wconf 83' lang='lat' dir='ltr'><strong>Muretus</strong></span> <span class='ocrx_word' id='word_1_190' title='bbox 977 2665 1153 2750; x_wconf 89' lang='lat' dir='ltr'><strong>imprimis,</strong></span> <span class='ocrx_word' id='word_1_191' title='bbox 1167 2673 1201 2730; x_wconf 88' lang='lat' dir='ltr'><strong>et</strong></span> <span class='ocrx_word' id='word_1_192' title='bbox 1214 2665 1316 2731; x_wconf 84' lang='lat' dir='ltr'><strong>Jose·</strong></span> 
     </span>
     <span class='ocr_line' id='line_1_25' title="bbox 219 2751 1317 2851; baseline 0 -21"><span class='ocrx_word' id='word_1_193' title='bbox 219 2767 307 2850; x_wconf 88' lang='lat' dir='ltr'><strong>phus</strong></span> <span class='ocrx_word' id='word_1_194' title='bbox 322 2763 485 2848; x_wconf 81' lang='lat' dir='ltr'><strong>Scaliger,</strong></span> <span class='ocrx_word' id='word_1_195' title='bbox 500 2786 690 2851; x_wconf 89' lang='lat' dir='ltr'><strong>quanquam</strong></span> <span class='ocrx_word' id='word_1_196' title='bbox 705 2766 760 2831; x_wconf 92' lang='lat' dir='ltr'><strong>bic</strong></span> <span class='ocrx_word' id='word_1_197' title='bbox 775 2787 854 2830; x_wconf 87' lang='lat' dir='ltr'><strong>usus</strong></span> <span class='ocrx_word' id='word_1_198' title='bbox 868 2772 920 2832; x_wconf 87' lang='lat' dir='ltr'><strong>est</strong></span> <span class='ocrx_word' id='word_1_199' title='bbox 936 2773 1061 2832; x_wconf 88' lang='lat' dir='ltr'><strong>tanturn</strong></span> <span class='ocrx_word' id='word_1_200' title='bbox 1075 2764 1177 2831; x_wconf 91' lang='lat' dir='ltr'><strong>nnico</strong></span> <span class='ocrx_word' id='word_1_201' title='bbox 1192 2751 1317 2849; x_wconf 84' lang='lat' dir='ltr'><strong>scripto</strong></span> 
     </span>
     <span class='ocr_line' id='line_1_26' title="bbox 220 2865 1317 2956; baseline -0.003 -26"><span class='ocrx_word' id='word_1_202' title='bbox 220 2868 319 2945; x_wconf 90' lang='lat' dir='ltr'><strong>libro,</strong></span> <span class='ocrx_word' id='word_1_203' title='bbox 343 2865 530 2956; x_wconf 80' lang='lat' dir='ltr'><strong>etquidem</strong></span> <span class='ocrx_word' id='word_1_204' title='bbox 554 2875 697 2944; x_wconf 87' lang='lat' dir='ltr'><strong>recente,</strong></span> <span class='ocrx_word' id='word_1_205' title='bbox 723 2867 780 2952; x_wconf 92' lang='lat' dir='ltr'><strong>qui</strong></span> <span class='ocrx_word' id='word_1_206' title='bbox 802 2875 912 2931; x_wconf 87' lang='lat' dir='ltr'><strong>tamen</strong></span> <span class='ocrx_word' id='word_1_207' title='bbox 935 2868 1003 2951; x_wconf 90' lang='lat' dir='ltr'><strong>ipsi</strong></span> <span class='ocrx_word' id='word_1_208' title='bbox 1029 2866 1072 2931; x_wconf 96' lang='lat' dir='ltr'><strong>ad</strong></span> <span class='ocrx_word' id='word_1_209' title='bbox 1098 2865 1224 2932; x_wconf 79' lang='lat' dir='ltr'><strong>&#39;l&#39;ibnll</strong></span> <span class='ocrx_word' id='word_1_210' title='bbox 1242 2883 1266 2928; x_wconf 94' lang='grc' dir='ltr'><strong>ι.</strong></span> <span class='ocrx_word' id='word_1_211' title='bbox 1284 2865 1317 2928; x_wconf 94' lang='grc'><strong>1.</strong></span> 
     </span>
     <span class='ocr_line' id='line_1_27' title="bbox 223 2967 1316 3052; baseline 0 -21"><span class='ocrx_word' id='word_1_212' title='bbox 223 2975 233 3003; x_wconf 90' lang='lat'>‘</span> <span class='ocrx_word' id='word_1_213' title='bbox 250 2967 405 3051; x_wconf 83' lang='lat' dir='ltr'><strong>quaedam</strong></span> <span class='ocrx_word' id='word_1_214' title='bbox 421 2967 597 3031; x_wconf 76' lang='lat' dir='ltr'><strong>vetustatis</strong></span> <span class='ocrx_word' id='word_1_215' title='bbox 612 2967 753 3032; x_wconf 87' lang='lat' dir='ltr'><strong>retinere</strong></span> <span class='ocrx_word' id='word_1_216' title='bbox 768 2967 926 3050; x_wconf 82' lang='lat' dir='ltr'><strong>vestigiu’</strong></span> <span class='ocrx_word' id='word_1_217' title='bbox 941 2967 1079 3048; x_wconf 90' lang='lat' dir='ltr'><strong>videtur,</strong></span> <span class='ocrx_word' id='word_1_218' title='bbox 1101 2973 1202 3033; x_wconf 85' lang='lat' dir='ltr'><strong>‘cnm</strong></span> <span class='ocrx_word' id='word_1_219' title='bbox 1210 2967 1316 3052; x_wconf 89' lang='lat' dir='ltr'><strong>paolo</strong></span> 
     </span>
     <span class='ocr_line' id='line_1_28' title="bbox 221 3059 1318 3152; baseline -0.001 -20"><span class='ocrx_word' id='word_1_220' title='bbox 221 3079 301 3132; x_wconf 85' lang='lat' dir='ltr'><strong>ante</strong></span> <span class='ocrx_word' id='word_1_221' title='bbox 313 3069 481 3131; x_wconf 92' lang='lat' dir='ltr'><strong>ineuntem</strong></span> <span class='ocrx_word' id='word_1_222' title='bbox 496 3068 767 3152; x_wconf 83' lang='lat' dir='ltr'><strong>typographicam</strong></span> <span class='ocrx_word' id='word_1_223' title='bbox 781 3077 886 3135; x_wconf 86' lang='lat' dir='ltr'><strong>artem</strong></span> <span class='ocrx_word' id='word_1_224' title='bbox 900 3070 1045 3152; x_wconf 88' lang='lat' dir='ltr'><strong>scriptus</strong></span> <span class='ocrx_word' id='word_1_225' title='bbox 1061 3069 1116 3148; x_wconf 90' lang='lat' dir='ltr'><strong>sit,</strong></span> <span class='ocrx_word' id='word_1_226' title='bbox 1126 3059 1318 3133; x_wconf 63' lang='lat' dir='ltr'><strong>et‘nondnm</strong></span> 
     </span>
     <span class='ocr_line' id='line_1_29' title="bbox 222 3167 1317 3251; baseline 0 -19"><span class='ocrx_word' id='word_1_227' title='bbox 222 3173 441 3232; x_wconf 88' lang='lat' dir='ltr'><strong>correctorum</strong></span> <span class='ocrx_word' id='word_1_228' title='bbox 457 3167 597 3232; x_wconf 86' lang='lat' dir='ltr'><strong>audacia</strong></span> <span class='ocrx_word' id='word_1_229' title='bbox 611 3167 660 3233; x_wconf 88' lang='lat' dir='ltr'><strong>ita</strong></span> <span class='ocrx_word' id='word_1_230' title='bbox 681 3169 819 3234; x_wconf 85' lang='lat' dir='ltr'><strong>licenter</strong></span> <span class='ocrx_word' id='word_1_231' title='bbox 838 3171 871 3234; x_wconf 94' lang='lat' dir='ltr'><strong>in</strong></span> <span class='ocrx_word' id='word_1_232' title='bbox 893 3170 991 3234; x_wconf 90' lang='lat' dir='ltr'><strong>bonis</strong></span> <span class='ocrx_word' id='word_1_233' title='bbox 1011 3171 1200 3236; x_wconf 85' lang='lat' dir='ltr'><strong>auctoribus</strong></span> <span class='ocrx_word' id='word_1_234' title='bbox 1214 3188 1317 3251; x_wconf 84' lang='lat' dir='ltr'><strong>uaga·</strong></span> 
     </span>
     <span class='ocr_line' id='line_1_30' title="bbox 221 3267 1318 3349; baseline 0.001 -17"><span class='ocrx_word' id='word_1_235' title='bbox 221 3267 331 3332; x_wconf 72' lang='lat' dir='ltr'><strong>retur!</strong></span> <span class='ocrx_word' id='word_1_236' title='bbox 386 3267 500 3331; x_wconf 90' lang='lat' dir='ltr'><strong>Habet</strong></span> <span class='ocrx_word' id='word_1_237' title='bbox 527 3269 557 3332; x_wconf 90' lang='lat' dir='ltr'><strong>is</strong></span> <span class='ocrx_word' id='word_1_238' title='bbox 581 3269 676 3349; x_wconf 91' lang='lat' dir='ltr'><strong>liber,</strong></span> <span class='ocrx_word' id='word_1_239' title='bbox 705 3269 865 3335; x_wconf 89' lang='lat' dir='ltr'><strong>interdurn</strong></span> <span class='ocrx_word' id='word_1_240' title='bbox 895 3273 1023 3348; x_wconf 87' lang='lat' dir='ltr'><strong>saltem,</strong></span> <span class='ocrx_word' id='word_1_241' title='bbox 1043 3271 1134 3337; x_wconf 90' lang='lat' dir='ltr'><strong>lectt.</strong></span> <span class='ocrx_word' id='word_1_242' title='bbox 1156 3271 1318 3348; x_wconf 84' lang='lat' dir='ltr'><strong>diversas,</strong></span> 
     </span>
     <span class='ocr_line' id='line_1_31' title="bbox 222 3361 1318 3455; baseline 0.004 -23"><span class='ocrx_word' id='word_1_243' title='bbox 222 3361 371 3452; x_wconf 87' lang='lat' dir='ltr'><strong>margini,</strong></span> <span class='ocrx_word' id='word_1_244' title='bbox 395 3367 474 3432; x_wconf 90' lang='lat' dir='ltr'><strong>licet</strong></span> <span class='ocrx_word' id='word_1_245' title='bbox 493 3367 606 3433; x_wconf 89' lang='lat' dir='ltr'><strong>eodem</strong></span> <span class='ocrx_word' id='word_1_246' title='bbox 632 3389 744 3447; x_wconf 91' lang='lat' dir='ltr'><strong>manu,</strong></span> <span class='ocrx_word' id='word_1_247' title='bbox 771 3375 906 3436; x_wconf 70' lang='lat' dir='ltr'><strong>auctore</strong></span> <span class='ocrx_word' id='word_1_248' title='bbox 929 3371 1109 3454; x_wconf 82' lang='lat' dir='ltr'><strong>Scaligoro,</strong></span> <span class='ocrx_word' id='word_1_249' title='bbox 1135 3371 1318 3455; x_wconf 86' lang='lat' dir='ltr'><strong>ascriptas;</strong></span> 
     </span>
     <span class='ocr_line' id='line_1_32' title="bbox 222 3453 1318 3555; baseline 0.003 -22"><span class='ocrx_word' id='word_1_250' title='bbox 222 3469 377 3551; x_wconf 88' lang='lat' dir='ltr'><strong>illiusque</strong></span> <span class='ocrx_word' id='word_1_251' title='bbox 407 3469 515 3552; x_wconf 87' lang='lat' dir='ltr'><strong>ipsios</strong></span> <span class='ocrx_word' id='word_1_252' title='bbox 545 3471 648 3534; x_wconf 88' lang='lat' dir='ltr'><strong>etiam</strong></span> <span class='ocrx_word' id='word_1_253' title='bbox 678 3471 805 3535; x_wconf 90' lang='lat' dir='ltr'><strong>codicis</strong></span> <span class='ocrx_word' id='word_1_254' title='bbox 833 3471 969 3555; x_wconf 88' lang='lat' dir='ltr'><strong>copiam</strong></span> <span class='ocrx_word' id='word_1_255' title='bbox 996 3453 1318 3554; x_wconf 65' lang='lat' dir='ltr'><strong>fecerat&#39;Scnligero</strong></span> 
     </span>
     <span class='ocr_line' id='line_1_33' title="bbox 224 3567 1317 3656; baseline 0.001 -22"><span class='ocrx_word' id='word_1_256' title='bbox 224 3569 397 3653; x_wconf 87' lang='lat' dir='ltr'><strong>anacins.</strong></span> <span class='ocrx_word' id='word_1_257' title='bbox 451 3567 638 3648; x_wconf 87' lang='lat' dir='ltr'><strong>Enimvero,</strong></span> <span class='ocrx_word' id='word_1_258' title='bbox 667 3571 749 3636; x_wconf 90' lang='lat' dir='ltr'><strong>licet</strong></span> <span class='ocrx_word' id='word_1_259' title='bbox 783 3573 895 3655; x_wconf 85' lang='lat' dir='ltr'><strong>negari</strong></span> <span class='ocrx_word' id='word_1_260' title='bbox 929 3579 1076 3656; x_wconf 90' lang='lat' dir='ltr'><strong>nequeat</strong></span> <span class='ocrx_word' id='word_1_261' title='bbox 1105 3572 1317 3656; x_wconf 87' lang='lat' dir='ltr'><strong>Propertium</strong></span> 
     </span>
     <span class='ocr_line' id='line_1_34' title="bbox 222 3667 1318 3757; baseline 0.004 -23"><span class='ocrx_word' id='word_1_262' title='bbox 222 3672 328 3735; x_wconf 88' lang='lat' dir='ltr'><strong>multa</strong></span> <span class='ocrx_word' id='word_1_263' title='bbox 349 3670 468 3736; x_wconf 90' lang='lat' dir='ltr'><strong>debere</strong></span> <span class='ocrx_word' id='word_1_264' title='bbox 486 3669 564 3734; x_wconf 92' lang='lat' dir='ltr'><strong>bnic</strong></span> <span class='ocrx_word' id='word_1_265' title='bbox 578 3667 711 3736; x_wconf 82' lang='lat' dir='ltr'><strong>Alciden</strong></span> <span class='ocrx_word' id='word_1_266' title='bbox 733 3669 877 3750; x_wconf 83' lang='lat' dir='ltr'><strong>literato,</strong></span> <span class='ocrx_word' id='word_1_267' title='bbox 892 3674 1017 3757; x_wconf 90' lang='lat' dir='ltr'><strong>quippe</strong></span> <span class='ocrx_word' id='word_1_268' title='bbox 1039 3673 1098 3756; x_wconf 90' lang='lat' dir='ltr'><strong>qui</strong></span> <span class='ocrx_word' id='word_1_269' title='bbox 1120 3681 1318 3738; x_wconf 86' lang='lat' dir='ltr'><strong>contextum</strong></span> 
     </span>
     <span class='ocr_line' id='line_1_35' title="bbox 222 3771 1319 3856; baseline 0.002 -20"><span class='ocrx_word' id='word_1_270' title='bbox 222 3774 333 3855; x_wconf 88' lang='lat' dir='ltr'><strong>ipsum</strong></span> <span class='ocrx_word' id='word_1_271' title='bbox 346 3771 459 3835; x_wconf 88' lang='lat' dir='ltr'><strong>multis</strong></span> <span class='ocrx_word' id='word_1_272' title='bbox 477 3773 606 3855; x_wconf 84' lang='lat' dir='ltr'><strong>passim</strong></span> <span class='ocrx_word' id='word_1_273' title='bbox 628 3774 898 3855; x_wconf 89' lang='lat' dir='ltr'><strong>interpolatorum</strong></span> <span class='ocrx_word' id='word_1_274' title='bbox 918 3774 1099 3856; x_wconf 85' lang='lat' dir='ltr'><strong>superioris</strong></span> <span class='ocrx_word' id='word_1_275' title='bbox 1115 3774 1226 3839; x_wconf 76' lang='lat' dir='ltr'><strong>estatis</strong></span> <span class='ocrx_word' id='word_1_276' title='bbox 1247 3794 1319 3838; x_wconf 88' lang='lat' dir='ltr'><strong>sor·</strong></span> 
     </span>
     <span class='ocr_line' id='line_1_36' title="bbox 224 3873 1319 3956; baseline 0.001 -19"><span class='ocrx_word' id='word_1_277' title='bbox 224 3874 322 3938; x_wconf 88' lang='lat' dir='ltr'><strong>dibus</strong></span> <span class='ocrx_word' id='word_1_278' title='bbox 334 3880 546 3956; x_wconf 84' lang='lat' dir='ltr'><strong>repurgatum</strong></span> <span class='ocrx_word' id='word_1_279' title='bbox 561 3875 658 3938; x_wconf 89' lang='lat' dir='ltr'><strong>nobis</strong></span> <span class='ocrx_word' id='word_1_280' title='bbox 673 3874 776 3952; x_wconf 91' lang='lat' dir='ltr'><strong>dedit,</strong></span> <span class='ocrx_word' id='word_1_281' title='bbox 784 3879 893 3938; x_wconf 86' lang='lat' dir='ltr'><strong>tamen</strong></span> <span class='ocrx_word' id='word_1_282' title='bbox 906 3873 995 3938; x_wconf 86' lang='lat' dir='ltr'><strong>baud</strong></span> <span class='ocrx_word' id='word_1_283' title='bbox 1010 3875 1081 3938; x_wconf 89' lang='lat' dir='ltr'><strong>scio</strong></span> <span class='ocrx_word' id='word_1_284' title='bbox 1092 3894 1135 3938; x_wconf 92' lang='lat' dir='ltr'><strong>an</strong></span> <span class='ocrx_word' id='word_1_285' title='bbox 1149 3893 1216 3939; x_wconf 93' lang='lat' dir='ltr'><strong>non</strong></span> <span class='ocrx_word' id='word_1_286' title='bbox 1231 3874 1319 3938; x_wconf 92' lang='lat' dir='ltr'><strong>idern</strong></span> 
     </span>
     <span class='ocr_line' id='line_1_37' title="bbox 224 3973 1320 4066; baseline 0.002 -28"><span class='ocrx_word' id='word_1_287' title='bbox 224 3975 326 4038; x_wconf 89' lang='lat' dir='ltr'><strong>altera</strong></span> <span class='ocrx_word' id='word_1_288' title='bbox 340 3993 441 4038; x_wconf 91' lang='lat' dir='ltr'><strong>mauu</strong></span> <span class='ocrx_word' id='word_1_289' title='bbox 464 3974 569 4039; x_wconf 92' lang='lat' dir='ltr'><strong>multo</strong></span> <span class='ocrx_word' id='word_1_290' title='bbox 586 3977 660 4060; x_wconf 88' lang='lat' dir='ltr'><strong>plns</strong></span> <span class='ocrx_word' id='word_1_291' title='bbox 685 3976 839 4061; x_wconf 89' lang='lat' dir='ltr'><strong>eripuerit</strong></span> <span class='ocrx_word' id='word_1_292' title='bbox 861 3983 971 4040; x_wconf 85' lang='lat' dir='ltr'><strong>nostro</strong></span> <span class='ocrx_word' id='word_1_293' title='bbox 987 3973 1116 4052; x_wconf 76' lang='lat' dir='ltr'><strong>Po&#39;dtae,</strong></span> <span class='ocrx_word' id='word_1_294' title='bbox 1156 3995 1231 4066; x_wconf 77' lang='lat' dir='ltr'><strong>qam</strong></span> <span class='ocrx_word' id='word_1_295' title='bbox 1249 3975 1320 4058; x_wconf 88' lang='lat' dir='ltr'><strong>ipsi</strong></span> 
     </span>
     <span class='ocr_line' id='line_1_38' title="bbox 224 3996 1319 4159; baseline -0.001 -18"><span class='ocrx_word' id='word_1_296' title='bbox 224 4075 370 4153; x_wconf 90' lang='lat' dir='ltr'><strong>dederat,</strong></span> <span class='ocrx_word' id='word_1_297' title='bbox 385 4077 491 4159; x_wconf 87' lang='lat' dir='ltr'><strong>eique,</strong></span> <span class='ocrx_word' id='word_1_298' title='bbox 507 4076 626 4141; x_wconf 88' lang='lat' dir='ltr'><strong>misere</strong></span> <span class='ocrx_word' id='word_1_299' title='bbox 642 4095 737 4158; x_wconf 81' lang='lat' dir='ltr'><strong>saepe</strong></span> <span class='ocrx_word' id='word_1_300' title='bbox 757 4076 910 4141; x_wconf 87' lang='lat' dir='ltr'><strong>laceratis</strong></span> <span class='ocrx_word' id='word_1_301' title='bbox 925 4075 1083 4140; x_wconf 87' lang='lat' dir='ltr'><strong>membris</strong></span> <span class='ocrx_word' id='word_1_302' title='bbox 1097 3996 1254 4159; x_wconf 61' lang='lat' dir='ltr'><strong>vileque</strong></span> <span class='ocrx_word' id='word_1_303' title='bbox 1269 4083 1319 4140; x_wconf 91' lang='lat' dir='ltr'><strong>at-</strong></span> 
     </span>
    </p>
   </div>
   <div class='ocr_carea' id='block_1_3' title="bbox 0 0 1475 4770">
    <p class='ocr_par' dir='ltr' id='par_1_4' title="bbox 0 0 1475 4770">
     <span class='ocr_line' id='line_1_39' title="bbox 0 0 1475 4770; baseline 0 0"><span class='ocrx_word' id='word_1_304' title='bbox 0 0 1475 4770; x_wconf 95' lang='lat' dir='ltr'><strong> </strong></span> 
     </span>
    </p>
   </div>
  </div>
 </body>
</html>
