2920 4770
214 295 258 358 48
488 305 574 354 sex.
597 303 687 353 sus.
711 299 913 350 rnorsnrrr
939 299 1026 348 vrrs

215 448 339 530 Remi3
356 447 625 530 moxdnbitipse
636 465 708 512 sue.
739 437 1310 526 SiveeliquidplmretrisAngustur

212 555 328 633 perum
343 548 435 627 Eois,
456 549 597 614 Diliernt
614 549 652 614 in
670 563 793 632 pueros
812 547 880 611 iste
894 552 1023 626 tropuse
1040 561 1130 608 snos.
1173 541 1307 618 Gentis,

215 650 348 728 Crasse,
363 648 607 732 nigressiquid
619 648 713 732 sapis
725 648 959 726 intererenes3
982 643 1035 708 Iro
1046 660 1108 726 per
1116 641 1308 724 Euphraten

214 751 259 820 ed
273 757 333 817 tun
345 753 446 818 busto
458 749 559 818 licet!
602 749 655 815 Cf.
670 753 706 816 si
719 746 763 812 A.
779 747 824 812 ll.
840 747 878 812 C.
892 747 970 813 789.
991 745 1034 810 ad
1054 763 1154 828 quem
1169 744 1307 826 scriptio

213 851 312 934 liujus
335 851 460 933 elegis
484 851 619 934 proprie
643 849 788 934 pertinet
810 853 947 932 propter
969 847 1163 914 Sicambros
1188 863 1239 910 vs.
1253 845 1307 908 77.

214 955 502 1019 commemoratos.
861 999 871 1013 .

556 1115 589 1166 Α.
600 1116 632 1166 U.
644 1116 674 1166 C.
685 1119 744 1166 iil.
777 1113 910 1178 Propertii
923 1117 964 1165 so.

588 1195 618 1245 C.
631 1196 749 1245 Furnius.
782 1195 812 1244 C.
824 1193 932 1244 Silenus.

258 1295 333 1359 Lex
349 1294 391 1358 de
412 1293 608 1359 maritandis
629 1291 802 1358 ordinibus
825 1291 944 1354 iterum
965 1289 1046 1369 luite,
1071 1288 1208 1352 necdum
1232 1309 1305 1374 per·

213 1394 300 1461 lete:
324 1391 513 1458 conserues
529 1392 685 1478 supremi
701 1390 743 1456 A.
758 1391 801 1456 U.
815 1391 891 1456 726.

556 1588 589 1638 Α.
601 1589 633 1639 U.
644 1588 675 1638 C·
685 1591 743 1638 718.
775 1585 908 1650 Propertii
919 1589 959 1636 87.

507 1671 538 1722 1..
548 1669 685 1720 Domitius.
717 1667 899 1724 hermelin·
910 1665 1006 1731 Scipio.

257 1769 326 1836 llic
340 1769 382 1834 P.
397 1767 575 1832 Comelins
591 1766 707 1849 Scipio
722 1781 814 1829 cons.
828 1771 882 1828 est
896 1764 954 1828 ille
973 1765 1046 1849 ipse
1066 1763 1168 1830 freter
1181 1763 1305 1830 Come·

212 1871 270 1936 lioe
285 1870 391 1946 iilius,
413 1868 511 1952 cujus
524 1872 663 1932 moriem
679 1865 878 1949 Propertius
903 1871 1052 1930 extremo
1074 1866 1159 1930 libro
1183 1875 1305 1950 questo

212 1977 280 2036 inm
295 1971 441 2054 graviter
455 1967 602 2046 deflevit,
618 1968 755 2032 consulo
771 1985 838 2050 quo
851 1966 945 2032 isoio
959 1967 1017 2031 ills
1031 1973 1160 2032 mortun
1172 1975 1234 2046 est,
1249 1987 1304 2034 se-

212 2071 356 2137 cundum
370 2091 419 2137 vs.
434 2070 488 2135 66.
503 2069 597 2135 illius
613 2068 737 2152 Elegiae
755 2085 794 2133 ιι.
815 2077 853 2134 ut
868 2068 953 2133 edeo
968 2075 1098 2152 tempus
1113 2069 1303 2151 scriptionis

211 2173 310 2257 hujus
324 2171 487 2237 Carminis
502 2170 652 2256 lugubris
669 2171 702 2233 in
724 2169 809 2236 huuc
831 2169 941 2253 ipsum
957 2186 1079 2234 sonum
1092 2165 1236 2234 incidere
1252 2170 1302 2234 vi·

212 2274 340 2342 dentur.
385 2272 485 2337 Peter
500 2271 576 2355 ejus
591 2271 707 2356 Scipio
722 2271 784 2334 fuit
804 2269 994 2335 consuleris
1007 2269 1075 2348 ille,
1097 2270 1153 2334 cni
1167 2271 1302 2338 Scribo-

210 2376 312 2454 niem,
342 2381 482 2439 metrem
508 2371 686 2450 Corneliae,
724 2370 863 2436 abduxit
886 2369 1093 2438 Octavianus
1119 2371 1301 2438 secundum

211 2475 307 2540 Suet.
323 2474 441 2540 Ocior.
456 2474 510 2540 62.
520 2493 566 2538 ex
581 2493 687 2557 esque
702 2471 831 2538 Juli'nm
846 2473 997 2556 suscepit
1010 2472 1132 2552 filienu
1153 2493 1236 2538 mox
1250 2479 1301 2539 te·

209 2595 295 2654 men,
310 2595 387 2642 oum
401 2575 517 2640 molem
541 2574 629 2639 fecto
653 2573 808 2649 divortio,
833 2573 947 2639 stetim
961 2572 1089 2638 livium
1105 2573 1300 2652 Drusillam,

209 2677 419 2742 matrimonio
447 2676 524 2742 Tib.
555 2674 711 2753 Neronis,
736 2680 769 2738 et
796 2675 932 2757 quidem
958 2674 1141 2757 grevidmn,
1167 2676 1299 2760 eripuit.

211 2777 353 2842 Factum
367 2777 431 2842 hoo
446 2783 507 2854 est,
531 2774 710 2841 seeundum
736 2775 892 2853 Dionem,
915 2773 959 2838 A.
974 2774 1018 2839 U.
1034 2774 1074 2839 6.
1088 2775 1164 2840 716.
1189 2779 1300 2842 temus

208 2877 352 2959 Augusti
365 2876 421 2942 25.
466 2877 568 2942 Hono
583 2877 627 2942 ob
650 2894 787 2940 censam
801 2873 958 2941 Cornelis
980 2895 1018 2940 se
1040 2881 1140 2942 vocet
1153 2895 1300 2942 sororem

207 2977 311 3044 solie
325 2997 374 3042 vs.
388 2979 443 3045 69.
488 2977 659 3063 Nupseret
678 2995 758 3042 vero
778 2977 900 3042 Peullo
920 2978 1058 3042 AEmilio
1074 2977 1218 3062 Iaspide,
1240 2980 1300 3062 qui

208 3079 252 3143 A.
266 3077 312 3144 U.
327 3079 402 3146 782.
433 3079 481 3145 Μ.
506 3080 651 3146 Claudio
677 3079 840 3150 Marcello
860 3081 1017 3145 AEscrino
1041 3087 1075 3146 et
1097 3079 1136 3144 1..
1157 3079 1303 3146 Aruntio

209 3179 310 3247 (loss.
323 3201 399 3250 oum
414 3181 454 3246 Is
464 3182 627 3248 Muoecio
640 3182 769 3247 Plenoo
778 3201 897 3248 censor
907 3183 982 3260 init,
993 3182 1084 3266 quod
1096 3189 1133 3246 et
1144 3181 1300 3246 Cornelis

208 3281 313 3348 innuit
327 3301 378 3346 vs.
393 3283 446 3346 41.
462 3287 496 3346 oi
508 3284 561 3348 67.
604 3281 688 3346 'I'res
708 3283 827 3348 hebuit
837 3282 961 3348 liberos
978 3281 1041 3369 (ci.
1053 3305 1103 3350 vs.
1118 3284 1197 3363 61.),
1212 3284 1298 3348 duos

207 3380 298 3444 filios
324 3381 488 3464 lepidum
512 3392 547 3446 et
568 3380 722 3446 Paullum
754 3381 813 3469 (cf.
834 3404 885 3449 vs.
905 3382 979 3468 63.)
1003 3404 1167 3469 unumque
1181 3385 1296 3451 filiurn.

208 3479 342 3546 Mortua
358 3499 436 3545 vero
452 3489 504 3546 est
524 3484 599 3548 heco
615 3481 771 3550 Cornelio
785 3485 874 3550 heud
888 3484 988 3551 dubie
1001 3487 1091 3554 circe
1105 3488 1203 3554 finem
1217 3487 1297 3552 enci

206 3581 512 3665 praecedentiam.
556 3582 714 3667 Namque
735 3605 776 3650 eo
795 3586 970 3652 manifesto
989 3587 1117 3654 ducunt
1130 3589 1232 3657 verbu
1245 3589 1298 3671 ip·

206 3684 279 3748 sins
294 3681 458 3748 Cornelis
473 3702 523 3747 vs.
538 3684 591 3754 65.
612 3705 666 3768 sq.
690 3685 873 3751 ‘Vidimus
887 3694 923 3752 et
945 3687 1078 3753 stenem
1101 3689 1218 3754 sellem
1240 3709 1304 3771 gea

205 3784 348 3849 minesse
364 3785 510 3852 curulem
522 3806 531 3866 3
553 3784 702 3851 Consule
714 3807 781 3871 quo
795 3787 888 3856 tecto
902 3795 1056 3871 tempore
1069 3796 1169 3872 rapto
1183 3789 1297 3856 soror!

204 3883 497 3964 ‘Geminetaselle
506 3887 645 3954 curulis'
659 3887 744 3952 nihil
759 3889 851 3956 eliud
866 3889 1054 3972 significare
1063 3899 1185 3974 potest.
1195 3911 1297 3974 quens

204 3985 340 4052 fratrem
355 3985 521 4054 Cornelise
536 3991 589 4054 bis
609 3990 836 4071 magistratum
856 3991 1004 4055 curulem
1023 3991 1176 4072 gessisse,
1189 3992 1297 4058 cdii-

206 4089 305 4149 totem
320 4107 437 4172 nempe
448 4093 483 4152 et
498 4094 696 4171 praeturem3
719 4089 789 4170 sed,
805 4109 879 4156 cnm
890 4091 961 4176 jem
976 4093 1093 4158 consul
1103 4091 1304 4175 designatus·
