<?xml version="1.0" encoding="UTF-8"?>
<!DOCTYPE html PUBLIC "-//W3C//DTD XHTML 1.0 Transitional//EN"
    "http://www.w3.org/TR/xhtml1/DTD/xhtml1-transitional.dtd">
<html xmlns="http://www.w3.org/1999/xhtml" xml:lang="en" lang="en">
 <head>
  <title>
</title>
<meta http-equiv="Content-Type" content="text/html;charset=utf-8" />
  <meta name='ocr-system' content='tesseract 3.04.00' />
  <meta name='ocr-capabilities' content='ocr_page ocr_carea ocr_par ocr_line ocrx_word'/>
</head>
<body>
  <div class='ocr_page' id='page_1' title='image "./operaomniaexedi01propgoog_0157.png"; bbox 0 0 2914 4764; ppageno 0'>
   <div class='ocr_carea' id='block_1_1' title="bbox 230 281 991 376">
    <p class='ocr_par' dir='ltr' id='par_1_1' title="bbox 230 281 991 376">
     <span class='ocr_line' id='line_1_1' title="bbox 230 281 991 376; baseline -0.011 -30"><span class='ocrx_word' id='word_1_1' title='bbox 230 281 295 346; x_wconf 82' lang='grc'>144</span> <span class='ocrx_word' id='word_1_2' title='bbox 560 293 588 342; x_wconf 85' lang='lat' dir='ltr'>s.</span> <span class='ocrx_word' id='word_1_3' title='bbox 608 289 770 342; x_wconf 76' lang='lat' dir='ltr'>uuuunn</span> <span class='ocrx_word' id='word_1_4' title='bbox 794 288 991 376; x_wconf 73' lang='lat' dir='ltr'>enoeuurn</span> 
     </span>
    </p>
   </div>
   <div class='ocr_carea' id='block_1_2' title="bbox 231 429 1330 949">
    <p class='ocr_par' dir='ltr' id='par_1_2' title="bbox 231 429 1330 949">
     <span class='ocr_line' id='line_1_2' title="bbox 231 429 1196 516; baseline -0.01 -16"><span class='ocrx_word' id='word_1_5' title='bbox 231 435 308 500; x_wconf 91' lang='lat' dir='ltr'>Non</span> <span class='ocrx_word' id='word_1_6' title='bbox 323 453 395 498; x_wconf 86' lang='lat' dir='ltr'>enm</span> <span class='ocrx_word' id='word_1_7' title='bbox 408 453 481 516; x_wconf 87' lang='lat' dir='ltr'>ego,</span> <span class='ocrx_word' id='word_1_8' title='bbox 498 433 556 516; x_wconf 92' lang='lat' dir='ltr'>qui</span> <span class='ocrx_word' id='word_1_9' title='bbox 569 431 717 498; x_wconf 84' lang='lat' dir='ltr'>fuctum:</span> <span class='ocrx_word' id='word_1_10' title='bbox 739 433 846 496; x_wconf 85' lang='lat' dir='ltr'>mutet</span> <span class='ocrx_word' id='word_1_11' title='bbox 863 429 921 494; x_wconf 84' lang='lat' dir='ltr'>viu</span> <span class='ocrx_word' id='word_1_12' title='bbox 936 429 1039 512; x_wconf 83' lang='lat' dir='ltr'>longa</span> <span class='ocrx_word' id='word_1_13' title='bbox 1052 429 1196 514; x_wconf 76' lang='lat' dir='ltr'>puellus:</span> 
     </span>
     <span class='ocr_line' id='line_1_3' title="bbox 274 530 1227 616; baseline -0.009 -15"><span class='ocrx_word' id='word_1_14' title='bbox 274 536 430 615; x_wconf 84' lang='lat' dir='ltr'>Quantus</span> <span class='ocrx_word' id='word_1_15' title='bbox 444 535 477 598; x_wconf 92' lang='lat' dir='ltr'>in</span> <span class='ocrx_word' id='word_1_16' title='bbox 492 535 616 615; x_wconf 77' lang='lat' dir='ltr'>exiguo</span> <span class='ocrx_word' id='word_1_17' title='bbox 632 541 778 616; x_wconf 87' lang='lat' dir='ltr'>tempore</span> <span class='ocrx_word' id='word_1_18' title='bbox 792 532 878 614; x_wconf 83' lang='lat' dir='ltr'>sugit</span> <span class='ocrx_word' id='word_1_19' title='bbox 891 530 1001 596; x_wconf 86' lang='lat' dir='ltr'>umor!</span> <span class='ocrx_word' id='word_1_20' title='bbox 1221 535 1227 548; x_wconf 84' lang='lat'><strong>·</strong></span> 
     </span>
     <span class='ocr_line' id='line_1_4' title="bbox 232 635 1075 720; baseline -0.009 -16"><span class='ocrx_word' id='word_1_21' title='bbox 232 638 333 704; x_wconf 90' lang='lat' dir='ltr'>Nunc</span> <span class='ocrx_word' id='word_1_22' title='bbox 348 638 490 720; x_wconf 88' lang='lat' dir='ltr'>primum</span> <span class='ocrx_word' id='word_1_23' title='bbox 505 636 622 717; x_wconf 81' lang='lat' dir='ltr'>longus</span> <span class='ocrx_word' id='word_1_24' title='bbox 637 635 732 700; x_wconf 84' lang='lat' dir='ltr'>solue</span> <span class='ocrx_word' id='word_1_25' title='bbox 747 651 948 717; x_wconf 75' lang='lat' dir='ltr'>cognoscere</span> <span class='ocrx_word' id='word_1_26' title='bbox 960 635 1075 696; x_wconf 77' lang='lat' dir='ltr'>noctes</span> 
     </span>
     <span class='ocr_line' id='line_1_5' title="bbox 275 733 999 821; baseline -0.01 -17"><span class='ocrx_word' id='word_1_27' title='bbox 275 739 393 821; x_wconf 83' lang='lat' dir='ltr'>Cogor,</span> <span class='ocrx_word' id='word_1_28' title='bbox 408 738 530 819; x_wconf 85' lang='lat' dir='ltr'>etipse</span> <span class='ocrx_word' id='word_1_29' title='bbox 544 737 628 802; x_wconf 82' lang='lat' dir='ltr'>meis</span> <span class='ocrx_word' id='word_1_30' title='bbox 642 737 777 802; x_wconf 78' lang='lat' dir='ltr'>nuribus</span> <span class='ocrx_word' id='word_1_31' title='bbox 790 753 865 801; x_wconf 86' lang='lat' dir='ltr'>eeee</span> <span class='ocrx_word' id='word_1_32' title='bbox 879 733 999 818; x_wconf 77' lang='lat' dir='ltr'>gravis.</span> 
     </span>
     <span class='ocr_line' id='line_1_6' title="bbox 231 879 1330 949; baseline -0.006 -13"><span class='ocrx_word' id='word_1_33' title='bbox 231 900 278 936; x_wconf 88' lang='lat' dir='ltr'>noa</span> <span class='ocrx_word' id='word_1_34' title='bbox 289 882 419 936; x_wconf 66' lang='lat' dir='ltr'>dumbit?</span> <span class='ocrx_word' id='word_1_35' title='bbox 435 883 491 934; x_wconf 84' lang='lat' dir='ltr'>Non</span> <span class='ocrx_word' id='word_1_36' title='bbox 501 899 553 935; x_wconf 75' lang='lat' dir='ltr'>unt</span> <span class='ocrx_word' id='word_1_37' title='bbox 567 884 660 949; x_wconf 84' lang='lat' dir='ltr'>iajnm,</span> <span class='ocrx_word' id='word_1_38' title='bbox 669 883 745 948; x_wconf 76' lang='lat' dir='ltr'>puniit</span> <span class='ocrx_word' id='word_1_39' title='bbox 754 882 815 934; x_wconf 83' lang='lat' dir='ltr'>oiim</span> <span class='ocrx_word' id='word_1_40' title='bbox 825 893 897 931; x_wconf 74' lang='lat' dir='ltr'>min.</span> <span class='ocrx_word' id='word_1_41' title='bbox 931 879 1076 930; x_wconf 72' lang='lat' dir='ltr'>ntum</span> <span class='ocrx_word' id='word_1_42' title='bbox 1085 879 1134 928; x_wconf 78' lang='lat' dir='ltr'>iter</span> <span class='ocrx_word' id='word_1_43' title='bbox 1148 879 1260 928; x_wconf 71' lang='lat' dir='ltr'>iuratam</span> <span class='ocrx_word' id='word_1_44' title='bbox 1275 879 1330 929; x_wconf 88' lang='lat' dir='ltr'>ani·</span> 
     </span>
    </p>
   </div>
   <div class='ocr_carea' id='block_1_3' title="bbox 231 943 1329 1078">
    <p class='ocr_par' dir='ltr' id='par_1_3' title="bbox 231 943 1329 1078">
     <span class='ocr_line' id='line_1_7' title="bbox 231 943 1329 1011; baseline -0.008 -11"><span class='ocrx_word' id='word_1_45' title='bbox 231 948 466 1009; x_wconf 78' lang='lat' dir='ltr'>rnumsoerne&#39;nerum.</span> <span class='ocrx_word' id='word_1_46' title='bbox 497 947 534 998; x_wconf 79' lang='lat' dir='ltr'>At</span> <span class='ocrx_word' id='word_1_47' title='bbox 550 963 619 1011; x_wconf 70' lang='lat' dir='ltr'>quen</span> <span class='ocrx_word' id='word_1_48' title='bbox 633 962 732 1010; x_wconf 67' lang='lat' dir='ltr'>ntum</span> <span class='ocrx_word' id='word_1_49' title='bbox 746 948 822 998; x_wconf 72' lang='lat' dir='ltr'>Am</span> <span class='ocrx_word' id='word_1_50' title='bbox 837 945 903 996; x_wconf 73' lang='lat' dir='ltr'>trena·</span> <span class='ocrx_word' id='word_1_51' title='bbox 912 943 1119 1007; x_wconf 78' lang='lat' dir='ltr'>temporeperiit!</span> <span class='ocrx_word' id='word_1_52' title='bbox 1141 945 1211 994; x_wconf 80' lang='lat' dir='ltr'>Nunc</span> <span class='ocrx_word' id='word_1_53' title='bbox 1224 943 1329 1008; x_wconf 69' lang='lat' dir='ltr'>prim</span> 
     </span>
     <span class='ocr_line' id='line_1_8' title="bbox 231 1007 1329 1078; baseline -0.006 -14"><span class='ocrx_word' id='word_1_54' title='bbox 231 1015 292 1064; x_wconf 64' lang='lat' dir='ltr'>noha</span> <span class='ocrx_word' id='word_1_55' title='bbox 300 1015 423 1078; x_wconf 79' lang='lat' dir='ltr'>compellor</span> <span class='ocrx_word' id='word_1_56' title='bbox 431 1015 513 1075; x_wconf 75' lang='lat' dir='ltr'>begua</span> <span class='ocrx_word' id='word_1_57' title='bbox 522 1019 601 1062; x_wconf 75' lang='lat' dir='ltr'>noun</span> <span class='ocrx_word' id='word_1_58' title='bbox 611 1012 726 1076; x_wconf 73' lang='lat' dir='ltr'>experiri,</span> <span class='ocrx_word' id='word_1_59' title='bbox 737 1011 839 1074; x_wconf 70' lang='lat' dir='ltr'>cretaque</span> <span class='ocrx_word' id='word_1_60' title='bbox 855 1009 951 1059; x_wconf 69' lang='lat' dir='ltr'>cetibus</span> <span class='ocrx_word' id='word_1_61' title='bbox 963 1008 1013 1072; x_wconf 77' lang='lat' dir='ltr'>ipae</span> <span class='ocrx_word' id='word_1_62' title='bbox 1026 1021 1074 1058; x_wconf 83' lang='lat' dir='ltr'>eaae</span> <span class='ocrx_word' id='word_1_63' title='bbox 1084 1009 1202 1058; x_wconf 68' lang='lat' dir='ltr'>nebda.</span> <span class='ocrx_word' id='word_1_64' title='bbox 1235 1007 1329 1058; x_wconf 72' lang='lat' dir='ltr'>Beatus</span> 
     </span>
    </p>
   </div>
   <div class='ocr_carea' id='block_1_4' title="bbox 692 1135 869 1160">
    <p class='ocr_par' dir='ltr' id='par_1_4' title="bbox 692 1135 869 1160">
     <span class='ocr_line' id='line_1_9' title="bbox 692 1135 869 1160; baseline -0.011 0"><span class='ocrx_word' id='word_1_65' title='bbox 692 1135 869 1160; x_wconf 60' lang='lat' dir='ltr'><em>W</em></span> 
     </span>
    </p>
   </div>
   <div class='ocr_carea' id='block_1_5' title="bbox 233 1211 1330 1410">
    <p class='ocr_par' dir='ltr' id='par_1_5' title="bbox 233 1211 1330 1410">
     <span class='ocr_line' id='line_1_10' title="bbox 233 1211 1329 1292; baseline -0.004 -20"><span class='ocrx_word' id='word_1_66' title='bbox 233 1228 261 1272; x_wconf 88' lang='lat' dir='ltr'>et</span> <span class='ocrx_word' id='word_1_67' title='bbox 272 1219 332 1271; x_wconf 89' lang='lat' dir='ltr'>edd.</span> <span class='ocrx_word' id='word_1_68' title='bbox 343 1221 430 1279; x_wconf 63' lang='lat' dir='ltr'>Lirin,</span> <span class='ocrx_word' id='word_1_69' title='bbox 438 1225 466 1270; x_wconf 92' lang='lat' dir='ltr'>et</span> <span class='ocrx_word' id='word_1_70' title='bbox 478 1219 564 1272; x_wconf 84' lang='lat' dir='ltr'>Gebb.</span> <span class='ocrx_word' id='word_1_71' title='bbox 591 1219 681 1285; x_wconf 79' lang='lat' dir='ltr'>[Quod</span> <span class='ocrx_word' id='word_1_72' title='bbox 692 1214 798 1268; x_wconf 82' lang='lat' dir='ltr'>daruuat</span> <span class='ocrx_word' id='word_1_73' title='bbox 808 1211 913 1292; x_wconf 76' lang='lat' dir='ltr'>Burun]</span> <span class='ocrx_word' id='word_1_74' title='bbox 928 1215 1045 1267; x_wconf 77' lang='lat' dir='ltr'>Liuineio</span> <span class='ocrx_word' id='word_1_75' title='bbox 1054 1222 1140 1267; x_wconf 84' lang='lat' dir='ltr'>tamen</span> <span class='ocrx_word' id='word_1_76' title='bbox 1152 1221 1221 1267; x_wconf 86' lang='lat' dir='ltr'>teate</span> <span class='ocrx_word' id='word_1_77' title='bbox 1229 1211 1291 1267; x_wconf 82' lang='lat' dir='ltr'>Vnt.</span> <span class='ocrx_word' id='word_1_78' title='bbox 1302 1225 1329 1268; x_wconf 91' lang='lat' dir='ltr'>et</span> 
     </span>
     <span class='ocr_line' id='line_1_11' title="bbox 234 1278 1330 1348; baseline -0.003 -14"><span class='ocrx_word' id='word_1_79' title='bbox 234 1286 391 1337; x_wconf 71' lang='lat' dir='ltr'>Portunum</span> <span class='ocrx_word' id='word_1_80' title='bbox 399 1301 436 1334; x_wconf 83' lang='lat' dir='ltr'>nte</span> <span class='ocrx_word' id='word_1_81' title='bbox 447 1291 643 1348; x_wconf 74' lang='lat' dir='ltr'>repraesentant.</span> <span class='ocrx_word' id='word_1_82' title='bbox 662 1285 733 1334; x_wconf 83' lang='lat' dir='ltr'>Nunc</span> <span class='ocrx_word' id='word_1_83' title='bbox 744 1297 780 1332; x_wconf 85' lang='lat' dir='ltr'>nte</span> <span class='ocrx_word' id='word_1_84' title='bbox 787 1278 822 1332; x_wconf 85' lang='lat' dir='ltr'>D.</span> <span class='ocrx_word' id='word_1_85' title='bbox 830 1283 924 1332; x_wconf 71' lang='lat' dir='ltr'>nemu</span> <span class='ocrx_word' id='word_1_86' title='bbox 935 1281 1021 1332; x_wconf 86' lang='lat' dir='ltr'>Paiat.</span> <span class='ocrx_word' id='word_1_87' title='bbox 1039 1279 1094 1329; x_wconf 81' lang='lat' dir='ltr'>Noa</span> <span class='ocrx_word' id='word_1_88' title='bbox 1105 1297 1141 1330; x_wconf 83' lang='lat' dir='ltr'>rue</span> <span class='ocrx_word' id='word_1_89' title='bbox 1149 1283 1183 1332; x_wconf 87' lang='lat' dir='ltr'>D.</span> <span class='ocrx_word' id='word_1_90' title='bbox 1193 1299 1215 1332; x_wconf 84' lang='lat' dir='ltr'>u.</span> <span class='ocrx_word' id='word_1_91' title='bbox 1226 1297 1330 1346; x_wconf 75' lang='lat' dir='ltr'>unpnuru</span> 
     </span>
     <span class='ocr_line' id='line_1_12' title="bbox 234 1345 1330 1410; baseline -0.003 -12"><span class='ocrx_word' id='word_1_92' title='bbox 234 1350 328 1398; x_wconf 81' lang='lat' dir='ltr'>Dresd.</span> <span class='ocrx_word' id='word_1_93' title='bbox 343 1350 410 1410; x_wconf 81' lang='lat' dir='ltr'>quod</span> <span class='ocrx_word' id='word_1_94' title='bbox 423 1350 507 1398; x_wconf 88' lang='lat' dir='ltr'>loeuru</span> <span class='ocrx_word' id='word_1_95' title='bbox 523 1361 683 1398; x_wconf 87' lang='lat' dir='ltr'>communem</span> <span class='ocrx_word' id='word_1_96' title='bbox 701 1348 780 1410; x_wconf 76' lang='lat' dir='ltr'>capit.</span> <span class='ocrx_word' id='word_1_97' title='bbox 813 1347 902 1396; x_wconf 75' lang='lat' dir='ltr'>Anne</span> <span class='ocrx_word' id='word_1_98' title='bbox 912 1359 999 1409; x_wconf 82' lang='lat' dir='ltr'>recep.</span> <span class='ocrx_word' id='word_1_99' title='bbox 1012 1345 1092 1408; x_wconf 90' lang='lat' dir='ltr'>Vnip.</span> <span class='ocrx_word' id='word_1_100' title='bbox 1104 1345 1179 1395; x_wconf 82' lang='lat' dir='ltr'>Gdtt.</span> <span class='ocrx_word' id='word_1_101' title='bbox 1211 1347 1330 1395; x_wconf 80' lang='lat' dir='ltr'>Nuncrne</span> 
     </span>
    </p>
   </div>
   <div class='ocr_carea' id='block_1_6' title="bbox 149 1409 1330 1475">
    <p class='ocr_par' dir='ltr' id='par_1_6' title="bbox 149 1409 1330 1475">
     <span class='ocr_line' id='line_1_13' title="bbox 149 1409 1330 1475; baseline -0.003 -12"><span class='ocrx_word' id='word_1_102' title='bbox 149 1429 154 1434; x_wconf 92' lang='lat'>·</span> <span class='ocrx_word' id='word_1_103' title='bbox 233 1413 268 1464; x_wconf 89' lang='lat' dir='ltr'>D.</span> <span class='ocrx_word' id='word_1_104' title='bbox 279 1429 302 1462; x_wconf 85' lang='lat' dir='ltr'>o.</span> <span class='ocrx_word' id='word_1_105' title='bbox 318 1418 360 1462; x_wconf 78' lang='lat' dir='ltr'>eet</span> <span class='ocrx_word' id='word_1_106' title='bbox 377 1424 429 1475; x_wconf 71' lang='lat' dir='ltr'>pun</span> <span class='ocrx_word' id='word_1_107' title='bbox 440 1413 563 1463; x_wconf 83' lang='lat' dir='ltr'>Wakker.</span> <span class='ocrx_word' id='word_1_108' title='bbox 583 1412 685 1462; x_wconf 73' lang='lat' dir='ltr'>Annon.</span> <span class='ocrx_word' id='word_1_109' title='bbox 706 1412 758 1461; x_wconf 80' lang='lat' dir='ltr'>Lit.</span> <span class='ocrx_word' id='word_1_110' title='bbox 776 1413 816 1460; x_wconf 71' lang='lat'>1².</span> <span class='ocrx_word' id='word_1_111' title='bbox 835 1424 862 1473; x_wconf 90' lang='lat' dir='ltr'>p.</span> <span class='ocrx_word' id='word_1_112' title='bbox 873 1414 914 1459; x_wconf 73' lang='lat' dir='ltr'>td.</span> <span class='ocrx_word' id='word_1_113' title='bbox 930 1419 1014 1474; x_wconf 82' lang='lat' dir='ltr'>neque</span> <span class='ocrx_word' id='word_1_114' title='bbox 1026 1409 1330 1473; x_wconf 55' lang='lat' dir='ltr'>taneuvutguteunan&#39;</span> 
     </span>
    </p>
   </div>
   <div class='ocr_carea' id='block_1_7' title="bbox 230 1469 1386 3776">
    <p class='ocr_par' dir='ltr' id='par_1_7' title="bbox 230 1469 1386 3776">
     <span class='ocr_line' id='line_1_14' title="bbox 233 1469 1329 1538; baseline -0.002 -12"><span class='ocrx_word' id='word_1_115' title='bbox 233 1477 397 1527; x_wconf 64' lang='lat' dir='ltr'>‘lunanum</span> <span class='ocrx_word' id='word_1_116' title='bbox 407 1478 482 1525; x_wconf 81' lang='lat' dir='ltr'>Vena.</span> <span class='ocrx_word' id='word_1_117' title='bbox 494 1481 518 1526; x_wconf 74' lang='lat'>2.</span> <span class='ocrx_word' id='word_1_118' title='bbox 552 1477 655 1527; x_wconf 79' lang='lat' dir='ltr'>Nuntin</span> <span class='ocrx_word' id='word_1_119' title='bbox 667 1475 803 1526; x_wconf 82' lang='lat' dir='ltr'>Heineinn.</span> <span class='ocrx_word' id='word_1_120' title='bbox 821 1473 901 1523; x_wconf 77' lang='lat' dir='ltr'>nidd.</span> <span class='ocrx_word' id='word_1_121' title='bbox 917 1473 991 1524; x_wconf 80' lang='lat' dir='ltr'>dunt.</span> <span class='ocrx_word' id='word_1_122' title='bbox 1006 1469 1088 1523; x_wconf 74' lang='lat' dir='ltr'>Oolin.</span> <span class='ocrx_word' id='word_1_123' title='bbox 1115 1473 1210 1523; x_wconf 82' lang='lat' dir='ltr'><strong>Bouill.</strong></span> <span class='ocrx_word' id='word_1_124' title='bbox 1228 1473 1329 1538; x_wconf 79' lang='lat' dir='ltr'>nrypu.</span> 
     </span>
     <span class='ocr_line' id='line_1_15' title="bbox 234 1537 1328 1601; baseline -0.002 -11"><span class='ocrx_word' id='word_1_125' title='bbox 234 1542 303 1592; x_wconf 79' lang='lat' dir='ltr'>Mur.</span> <span class='ocrx_word' id='word_1_126' title='bbox 313 1541 420 1592; x_wconf 75' lang='lat' dir='ltr'>Scabet</span> <span class='ocrx_word' id='word_1_127' title='bbox 428 1539 493 1590; x_wconf 82' lang='lat' dir='ltr'>aliie.</span> <span class='ocrx_word' id='word_1_128' title='bbox 527 1540 584 1590; x_wconf 85' lang='lat' dir='ltr'>Non</span> <span class='ocrx_word' id='word_1_129' title='bbox 594 1541 620 1590; x_wconf 92' lang='lat' dir='ltr'>in</span> <span class='ocrx_word' id='word_1_130' title='bbox 630 1540 722 1589; x_wconf 82' lang='lat' dir='ltr'>Leidd.</span> <span class='ocrx_word' id='word_1_131' title='bbox 733 1540 815 1601; x_wconf 59' lang='lat' dir='ltr'>Regu.</span> <span class='ocrx_word' id='word_1_132' title='bbox 824 1537 950 1588; x_wconf 83' lang='lat' dir='ltr'>colbertt.</span> <span class='ocrx_word' id='word_1_133' title='bbox 965 1539 1040 1588; x_wconf 87' lang='lat' dir='ltr'>Voaa.</span> <span class='ocrx_word' id='word_1_134' title='bbox 1052 1542 1075 1586; x_wconf 86' lang='grc'>1.</span> <span class='ocrx_word' id='word_1_135' title='bbox 1087 1541 1110 1587; x_wconf 79' lang='lat'><em>2</em></span> <span class='ocrx_word' id='word_1_136' title='bbox 1127 1538 1226 1587; x_wconf 79' lang='lat' dir='ltr'>Dorvu.</span> <span class='ocrx_word' id='word_1_137' title='bbox 1238 1550 1297 1588; x_wconf 78' lang='lat' dir='ltr'>uren</span> <span class='ocrx_word' id='word_1_138' title='bbox 1305 1543 1328 1588; x_wconf 83' lang='grc' dir='ltr'>Ι.</span> 
     </span>
     <span class='ocr_line' id='line_1_16' title="bbox 235 1600 1328 1667; baseline 0.001 -16"><span class='ocrx_word' id='word_1_139' title='bbox 235 1605 327 1654; x_wconf 82' lang='lat' dir='ltr'>venet.</span> <span class='ocrx_word' id='word_1_140' title='bbox 338 1609 363 1654; x_wconf 73' lang='lat'>2.</span> <span class='ocrx_word' id='word_1_141' title='bbox 379 1606 520 1656; x_wconf 66' lang='lat' dir='ltr'>vicedunt</span> <span class='ocrx_word' id='word_1_142' title='bbox 532 1606 613 1666; x_wconf 71' lang='lat' dir='ltr'>uneg.</span> <span class='ocrx_word' id='word_1_143' title='bbox 623 1605 693 1654; x_wconf 75' lang='lat' dir='ltr'>Nune</span> <span class='ocrx_word' id='word_1_144' title='bbox 703 1603 811 1653; x_wconf 66' lang='lat' dir='ltr'>Vosne.</span> <span class='ocrx_word' id='word_1_145' title='bbox 822 1601 949 1666; x_wconf 72' lang='lat' dir='ltr'>Groning.</span> <span class='ocrx_word' id='word_1_146' title='bbox 969 1600 1177 1666; x_wconf 76' lang='lat' dir='ltr'>[Atridssartb.</span> <span class='ocrx_word' id='word_1_147' title='bbox 1188 1617 1247 1667; x_wconf 79' lang='lat' dir='ltr'>nup.</span> <span class='ocrx_word' id='word_1_148' title='bbox 1276 1602 1328 1652; x_wconf 73' lang='lat' dir='ltr'>ted</span> 
     </span>
     <span class='ocr_line' id='line_1_17' title="bbox 230 1664 1386 1730; baseline -0.004 -10"><span class='ocrx_word' id='word_1_149' title='bbox 230 1669 379 1720; x_wconf 67' lang='lat' dir='ltr'>demendo</span> <span class='ocrx_word' id='word_1_150' title='bbox 396 1669 528 1719; x_wconf 70' lang='lat' dir='ltr'>consentit</span> <span class='ocrx_word' id='word_1_151' title='bbox 542 1667 660 1730; x_wconf 67' lang='lat' dir='ltr'>hacun]</span> <span class='ocrx_word' id='word_1_152' title='bbox 676 1667 740 1717; x_wconf 69' lang='lat' dir='ltr'>nne</span> <span class='ocrx_word' id='word_1_153' title='bbox 751 1664 824 1715; x_wconf 83' lang='lat' dir='ltr'>Med.</span> <span class='ocrx_word' id='word_1_154' title='bbox 840 1672 869 1716; x_wconf 89' lang='lat' dir='ltr'>ct</span> <span class='ocrx_word' id='word_1_155' title='bbox 884 1665 911 1714; x_wconf 88' lang='lat' dir='ltr'>in</span> <span class='ocrx_word' id='word_1_156' title='bbox 925 1665 1041 1729; x_wconf 77' lang='lat' dir='ltr'><strong>margine</strong></span> <span class='ocrx_word' id='word_1_157' title='bbox 1058 1666 1133 1715; x_wconf 83' lang='lat' dir='ltr'>nnine</span> <span class='ocrx_word' id='word_1_158' title='bbox 1144 1665 1219 1716; x_wconf 85' lang='lat' dir='ltr'>Colb.</span> <span class='ocrx_word' id='word_1_159' title='bbox 1252 1665 1328 1717; x_wconf 78' lang='lat' dir='ltr'>Quod</span> <span class='ocrx_word' id='word_1_160' title='bbox 1380 1701 1386 1710; x_wconf 77' lang='grc'><strong>.</strong></span> 
     </span>
     <span class='ocr_line' id='line_1_18' title="bbox 234 1729 1330 1796; baseline 0 -16"><span class='ocrx_word' id='word_1_161' title='bbox 234 1741 320 1782; x_wconf 86' lang='lat' dir='ltr'>antem</span> <span class='ocrx_word' id='word_1_162' title='bbox 331 1747 363 1781; x_wconf 83' lang='lat' dir='ltr'>nn</span> <span class='ocrx_word' id='word_1_163' title='bbox 373 1747 426 1795; x_wconf 77' lang='lat' dir='ltr'>quc</span> <span class='ocrx_word' id='word_1_164' title='bbox 436 1731 539 1781; x_wconf 79' lang='lat' dir='ltr'>dederit</span> <span class='ocrx_word' id='word_1_165' title='bbox 560 1731 744 1792; x_wconf 82' lang='lat' dir='ltr'>Bronkbuaine,</span> <span class='ocrx_word' id='word_1_166' title='bbox 761 1729 821 1796; x_wconf 85' lang='lat' dir='ltr'>quia</span> <span class='ocrx_word' id='word_1_167' title='bbox 836 1729 927 1779; x_wconf 86' lang='lat' dir='ltr'>‘unm&#39;</span> <span class='ocrx_word' id='word_1_168' title='bbox 944 1743 1048 1794; x_wconf 67' lang='lat' dir='ltr'>semper</span> <span class='ocrx_word' id='word_1_169' title='bbox 1057 1729 1202 1793; x_wconf 73' lang='lat' dir='ltr'>negativam</span> <span class='ocrx_word' id='word_1_170' title='bbox 1214 1744 1330 1794; x_wconf 84' lang='lat' dir='ltr'>compre·</span> 
     </span>
     <span class='ocr_line' id='line_1_19' title="bbox 233 1793 1330 1859; baseline -0.002 -15"><span class='ocrx_word' id='word_1_171' title='bbox 233 1793 334 1856; x_wconf 77' lang='lat' dir='ltr'>itendit,</span> <span class='ocrx_word' id='word_1_172' title='bbox 351 1795 412 1859; x_wconf 85' lang='lat' dir='ltr'>qnid</span> <span class='ocrx_word' id='word_1_173' title='bbox 425 1803 497 1845; x_wconf 84' lang='lat' dir='ltr'>vetut</span> <span class='ocrx_word' id='word_1_174' title='bbox 514 1801 543 1844; x_wconf 91' lang='lat' dir='ltr'>ut</span> <span class='ocrx_word' id='word_1_175' title='bbox 562 1795 602 1844; x_wconf 86' lang='lat' dir='ltr'>hic</span> <span class='ocrx_word' id='word_1_176' title='bbox 621 1793 700 1845; x_wconf 86' lang='lat' dir='ltr'>etiarn</span> <span class='ocrx_word' id='word_1_177' title='bbox 718 1795 757 1845; x_wconf 90' lang='lat' dir='ltr'>ita</span> <span class='ocrx_word' id='word_1_178' title='bbox 774 1793 876 1856; x_wconf 86' lang='lat' dir='ltr'>edatur,</span> <span class='ocrx_word' id='word_1_179' title='bbox 891 1805 948 1857; x_wconf 91' lang='lat' dir='ltr'>pro,</span> <span class='ocrx_word' id='word_1_180' title='bbox 965 1807 998 1843; x_wconf 85' lang='lat' dir='ltr'>an</span> <span class='ocrx_word' id='word_1_181' title='bbox 1018 1807 1068 1844; x_wconf 91' lang='lat' dir='ltr'>nou</span> <span class='ocrx_word' id='word_1_182' title='bbox 1083 1807 1125 1844; x_wconf 90' lang='lat' dir='ltr'>rue</span> <span class='ocrx_word' id='word_1_183' title='bbox 1142 1796 1215 1843; x_wconf 89' lang='lat' dir='ltr'>Deua</span> <span class='ocrx_word' id='word_1_184' title='bbox 1226 1793 1330 1854; x_wconf 86' lang='lat' dir='ltr'>obruit;</span> 
     </span>
     <span class='ocr_line' id='line_1_20' title="bbox 234 1856 1329 1922; baseline 0.001 -15"><span class='ocrx_word' id='word_1_185' title='bbox 234 1868 261 1907; x_wconf 88' lang='lat' dir='ltr'>et</span> <span class='ocrx_word' id='word_1_186' title='bbox 273 1860 298 1908; x_wconf 90' lang='lat' dir='ltr'>iu</span> <span class='ocrx_word' id='word_1_187' title='bbox 309 1859 360 1908; x_wconf 80' lang='lat' dir='ltr'>fure</span> <span class='ocrx_word' id='word_1_188' title='bbox 372 1873 473 1918; x_wconf 80' lang='lat' dir='ltr'>terune,</span> <span class='ocrx_word' id='word_1_189' title='bbox 482 1873 512 1907; x_wconf 84' lang='lat' dir='ltr'>un</span> <span class='ocrx_word' id='word_1_190' title='bbox 523 1873 584 1921; x_wconf 77' lang='lat' dir='ltr'>qua,</span> <span class='ocrx_word' id='word_1_191' title='bbox 592 1859 633 1908; x_wconf 81' lang='lat' dir='ltr'>rei</span> <span class='ocrx_word' id='word_1_192' title='bbox 648 1863 691 1907; x_wconf 73' lang='lat' dir='ltr'>eet</span> <span class='ocrx_word' id='word_1_193' title='bbox 702 1872 762 1922; x_wconf 75' lang='lat' dir='ltr'>pru,</span> <span class='ocrx_word' id='word_1_194' title='bbox 770 1864 800 1908; x_wconf 83' lang='lat' dir='ltr'>ut</span> <span class='ocrx_word' id='word_1_195' title='bbox 809 1857 836 1906; x_wconf 87' lang='lat' dir='ltr'>iu</span> <span class='ocrx_word' id='word_1_196' title='bbox 845 1857 900 1906; x_wconf 77' lang='lat' dir='ltr'>aliia</span> <span class='ocrx_word' id='word_1_197' title='bbox 912 1856 989 1908; x_wconf 87' lang='lat' dir='ltr'>codd.</span> <span class='ocrx_word' id='word_1_198' title='bbox 1003 1859 1064 1922; x_wconf 87' lang='lat' dir='ltr'>qnia</span> <span class='ocrx_word' id='word_1_199' title='bbox 1074 1866 1213 1921; x_wconf 83' lang='lat' dir='ltr'>ntrnnrque</span> <span class='ocrx_word' id='word_1_200' title='bbox 1225 1858 1329 1908; x_wconf 77' lang='lat' dir='ltr'>Veteri·</span> 
     </span>
     <span class='ocr_line' id='line_1_21' title="bbox 235 1920 1330 1985; baseline 0.002 -15"><span class='ocrx_word' id='word_1_201' title='bbox 235 1922 283 1970; x_wconf 83' lang='lat' dir='ltr'>bue</span> <span class='ocrx_word' id='word_1_202' title='bbox 302 1921 328 1970; x_wconf 86' lang='lat' dir='ltr'>in</span> <span class='ocrx_word' id='word_1_203' title='bbox 349 1923 412 1972; x_wconf 80' lang='lat' dir='ltr'>neu?</span> <span class='ocrx_word' id='word_1_204' title='bbox 444 1924 516 1984; x_wconf 70' lang='lat' dir='ltr'>virg.</span> <span class='ocrx_word' id='word_1_205' title='bbox 528 1935 565 1971; x_wconf 76' lang='grc' dir='ltr'>ιν.</span> <span class='ocrx_word' id='word_1_206' title='bbox 584 1924 641 1973; x_wconf 80' lang='lat' dir='ltr'>AEn.</span> <span class='ocrx_word' id='word_1_207' title='bbox 659 1923 717 1973; x_wconf 72' lang='lat'><strong>8⁷⁰.</strong></span> <span class='ocrx_word' id='word_1_208' title='bbox 751 1920 826 1972; x_wconf 83' lang='lat' dir='ltr'>Nort</span> <span class='ocrx_word' id='word_1_209' title='bbox 837 1934 881 1971; x_wconf 80' lang='grc' dir='ltr'><strong>ιιι.</strong></span> <span class='ocrx_word' id='word_1_210' title='bbox 890 1926 916 1970; x_wconf 74' lang='lat'>5.</span> <span class='ocrx_word' id='word_1_211' title='bbox 927 1925 968 1971; x_wconf 74' lang='lat'>⁴2.</span> <span class='ocrx_word' id='word_1_212' title='bbox 980 1924 1029 1972; x_wconf 75' lang='lat' dir='ltr'>&amp;n</span> <span class='ocrx_word' id='word_1_213' title='bbox 1061 1922 1091 1972; x_wconf 82' lang='lat' dir='ltr'>F.</span> <span class='ocrx_word' id='word_1_214' title='bbox 1102 1923 1180 1972; x_wconf 85' lang='lat' dir='ltr'>etiarn</span> <span class='ocrx_word' id='word_1_215' title='bbox 1191 1927 1330 1985; x_wconf 73' lang='lat' dir='ltr'>preetarat</span> 
     </span>
     <span class='ocr_line' id='line_1_22' title="bbox 233 1985 1330 2050; baseline 0.002 -16"><span class='ocrx_word' id='word_1_216' title='bbox 233 1987 276 2035; x_wconf 89' lang='lat' dir='ltr'>bie</span> <span class='ocrx_word' id='word_1_217' title='bbox 286 1987 373 2049; x_wconf 87' lang='lat' dir='ltr'>repeti</span> <span class='ocrx_word' id='word_1_218' title='bbox 385 2000 429 2048; x_wconf 78' lang='lat' dir='ltr'>nte,</span> <span class='ocrx_word' id='word_1_219' title='bbox 445 2001 476 2036; x_wconf 88' lang='lat' dir='ltr'>ac</span> <span class='ocrx_word' id='word_1_220' title='bbox 496 1986 603 2050; x_wconf 88' lang='lat' dir='ltr'>proinde</span> <span class='ocrx_word' id='word_1_221' title='bbox 615 1986 704 2050; x_wconf 92' lang='lat' dir='ltr'>reponi</span> <span class='ocrx_word' id='word_1_222' title='bbox 715 1998 772 2034; x_wconf 77' lang='lat' dir='ltr'>nun</span> <span class='ocrx_word' id='word_1_223' title='bbox 785 1999 823 2034; x_wconf 83' lang='lat' dir='ltr'>rne</span> <span class='ocrx_word' id='word_1_224' title='bbox 835 1986 902 2036; x_wconf 83' lang='lat' dir='ltr'>Dnu</span> <span class='ocrx_word' id='word_1_225' title='bbox 911 1985 1000 2047; x_wconf 80' lang='lat' dir='ltr'>obruit,</span> <span class='ocrx_word' id='word_1_226' title='bbox 1015 2000 1047 2034; x_wconf 84' lang='lat' dir='ltr'>nn</span> <span class='ocrx_word' id='word_1_227' title='bbox 1056 1999 1107 2035; x_wconf 79' lang='lat' dir='ltr'>ure:</span> <span class='ocrx_word' id='word_1_228' title='bbox 1123 1999 1180 2034; x_wconf 79' lang='lat' dir='ltr'>nuru</span> <span class='ocrx_word' id='word_1_229' title='bbox 1192 1985 1330 2036; x_wconf 73' lang='lat' dir='ltr'>verborum</span> 
     </span>
     <span class='ocr_line' id='line_1_23' title="bbox 234 2049 1330 2115; baseline 0 -16"><span class='ocrx_word' id='word_1_230' title='bbox 234 2058 376 2111; x_wconf 80' lang='lat' dir='ltr'>atructnru,</span> <span class='ocrx_word' id='word_1_231' title='bbox 391 2051 541 2115; x_wconf 76' lang='lat' dir='ltr'>ceteroquin</span> <span class='ocrx_word' id='word_1_232' title='bbox 567 2050 683 2100; x_wconf 83' lang='lat' dir='ltr'>nonnihil</span> <span class='ocrx_word' id='word_1_233' title='bbox 706 2049 859 2111; x_wconf 75' lang='lat' dir='ltr'>intricatior,</span> <span class='ocrx_word' id='word_1_234' title='bbox 881 2050 989 2099; x_wconf 81' lang='lat' dir='ltr'>reiatiro</span> <span class='ocrx_word' id='word_1_235' title='bbox 1010 2049 1159 2113; x_wconf 74' lang='lat' dir='ltr'>pronomine</span> <span class='ocrx_word' id='word_1_236' title='bbox 1181 2051 1330 2114; x_wconf 73' lang='lat' dir='ltr'>preposito,</span> 
     </span>
     <span class='ocr_line' id='line_1_24' title="bbox 234 2112 1330 2178; baseline 0.001 -16"><span class='ocrx_word' id='word_1_237' title='bbox 234 2115 304 2178; x_wconf 82' lang='lat' dir='ltr'>qrrod</span> <span class='ocrx_word' id='word_1_238' title='bbox 325 2120 353 2163; x_wconf 92' lang='lat' dir='ltr'>et</span> <span class='ocrx_word' id='word_1_239' title='bbox 372 2114 429 2163; x_wconf 80' lang='lat' dir='ltr'>aliie</span> <span class='ocrx_word' id='word_1_240' title='bbox 448 2115 473 2163; x_wconf 88' lang='lat' dir='ltr'>in</span> <span class='ocrx_word' id='word_1_241' title='bbox 494 2129 550 2175; x_wconf 83' lang='lat' dir='ltr'>neu,</span> <span class='ocrx_word' id='word_1_242' title='bbox 567 2115 613 2164; x_wconf 87' lang='lat' dir='ltr'>aed</span> <span class='ocrx_word' id='word_1_243' title='bbox 632 2128 703 2178; x_wconf 71' lang='lat' dir='ltr'>repe</span> <span class='ocrx_word' id='word_1_244' title='bbox 719 2113 893 2163; x_wconf 65' lang='lat' dir='ltr'>obscuriorem</span> <span class='ocrx_word' id='word_1_245' title='bbox 910 2112 999 2162; x_wconf 86' lang='lat' dir='ltr'>reddit</span> <span class='ocrx_word' id='word_1_246' title='bbox 1009 2125 1123 2175; x_wconf 79' lang='lat' dir='ltr'>acuente,</span> <span class='ocrx_word' id='word_1_247' title='bbox 1139 2113 1176 2163; x_wconf 87' lang='lat' dir='ltr'>aie</span> <span class='ocrx_word' id='word_1_248' title='bbox 1187 2114 1330 2163; x_wconf 88' lang='lat' dir='ltr'>ordinanda</span> 
     </span>
     <span class='ocr_line' id='line_1_25' title="bbox 234 2177 1330 2244; baseline 0.002 -18"><span class='ocrx_word' id='word_1_249' title='bbox 234 2187 290 2226; x_wconf 81' lang='lat' dir='ltr'>eet:</span> <span class='ocrx_word' id='word_1_250' title='bbox 310 2177 352 2226; x_wconf 82' lang='lat' dir='ltr'>Au</span> <span class='ocrx_word' id='word_1_251' title='bbox 364 2178 445 2227; x_wconf 80' lang='lat' dir='ltr'>herbe</span> <span class='ocrx_word' id='word_1_252' title='bbox 455 2178 558 2240; x_wconf 79' lang='lat' dir='ltr'>dividit,</span> <span class='ocrx_word' id='word_1_253' title='bbox 572 2193 630 2244; x_wconf 85' lang='lat' dir='ltr'>qure</span> <span class='ocrx_word' id='word_1_254' title='bbox 642 2180 713 2228; x_wconf 85' lang='lat' dir='ltr'>lecta</span> <span class='ocrx_word' id='word_1_255' title='bbox 727 2185 767 2228; x_wconf 88' lang='lat' dir='ltr'>eat</span> <span class='ocrx_word' id='word_1_256' title='bbox 779 2178 849 2242; x_wconf 69' lang='lat' dir='ltr'>jugia</span> <span class='ocrx_word' id='word_1_257' title='bbox 866 2177 1043 2228; x_wconf 83' lang='lat' dir='ltr'>Prometheia?</span> <span class='ocrx_word' id='word_1_258' title='bbox 1075 2179 1199 2228; x_wconf 75' lang='lat' dir='ltr'>Francius</span> <span class='ocrx_word' id='word_1_259' title='bbox 1210 2178 1251 2228; x_wconf 88' lang='lat' dir='ltr'>ed.</span> <span class='ocrx_word' id='word_1_260' title='bbox 1262 2178 1330 2229; x_wconf 85' lang='lat' dir='ltr'>Scai.</span> 
     </span>
     <span class='ocr_line' id='line_1_26' title="bbox 235 2239 1331 2304; baseline 0.003 -15"><span class='ocrx_word' id='word_1_261' title='bbox 235 2242 404 2304; x_wconf 80' lang='lat' dir='ltr'>arcripnerat:</span> <span class='ocrx_word' id='word_1_262' title='bbox 422 2243 512 2292; x_wconf 82' lang='lat' dir='ltr'>‘liiud</span> <span class='ocrx_word' id='word_1_263' title='bbox 531 2243 644 2292; x_wconf 81' lang='lat' dir='ltr'>‘dividit</span> <span class='ocrx_word' id='word_1_264' title='bbox 655 2241 750 2292; x_wconf 85' lang='lat' dir='ltr'>berba&#39;</span> <span class='ocrx_word' id='word_1_265' title='bbox 767 2239 914 2292; x_wconf 79' lang='lat' dir='ltr'>necenneriu</span> <span class='ocrx_word' id='word_1_266' title='bbox 932 2241 1069 2290; x_wconf 88' lang='lat' dir='ltr'>interduo</span> <span class='ocrx_word' id='word_1_267' title='bbox 1087 2249 1213 2291; x_wconf 70' lang='lat' dir='ltr'>commuta</span> <span class='ocrx_word' id='word_1_268' title='bbox 1226 2241 1331 2292; x_wconf 80' lang='lat' dir='ltr'>videtur</span> 
     </span>
     <span class='ocr_line' id='line_1_27' title="bbox 236 2304 1331 2382; baseline 0.004 -30"><span class='ocrx_word' id='word_1_269' title='bbox 236 2305 393 2368; x_wconf 88' lang='lat' dir='ltr'>ponendum.</span> <span class='ocrx_word' id='word_1_270' title='bbox 426 2304 467 2354; x_wconf 75' lang='lat' dir='ltr'>An</span> <span class='ocrx_word' id='word_1_271' title='bbox 480 2319 542 2355; x_wconf 80' lang='lat' dir='ltr'>vero</span> <span class='ocrx_word' id='word_1_272' title='bbox 553 2307 600 2356; x_wconf 82' lang='lat' dir='ltr'>tub</span> <span class='ocrx_word' id='word_1_273' title='bbox 617 2305 712 2356; x_wconf 81' lang='lat' dir='ltr'>‘nnn&#39;</span> <span class='ocrx_word' id='word_1_274' title='bbox 727 2317 831 2370; x_wconf 85' lang='lat' dir='ltr'>aeruper</span> <span class='ocrx_word' id='word_1_275' title='bbox 842 2305 963 2382; x_wconf 59' lang='lat' dir='ltr'>negativa</span> <span class='ocrx_word' id='word_1_276' title='bbox 971 2305 1139 2368; x_wconf 78' lang='lat' dir='ltr'>intelligatur,</span> <span class='ocrx_word' id='word_1_277' title='bbox 1146 2304 1245 2356; x_wconf 90' lang='lat' dir='ltr'>dubito.</span> <span class='ocrx_word' id='word_1_278' title='bbox 1273 2307 1331 2356; x_wconf 86' lang='lat' dir='ltr'>Nec</span> 
     </span>
     <span class='ocr_line' id='line_1_28' title="bbox 235 2369 1331 2434; baseline 0.004 -18"><span class='ocrx_word' id='word_1_279' title='bbox 235 2370 289 2418; x_wconf 79' lang='lat' dir='ltr'>ecio</span> <span class='ocrx_word' id='word_1_280' title='bbox 301 2383 334 2418; x_wconf 85' lang='lat' dir='ltr'>uu</span> <span class='ocrx_word' id='word_1_281' title='bbox 345 2371 441 2418; x_wconf 79' lang='lat' dir='ltr'>moveri</span> <span class='ocrx_word' id='word_1_282' title='bbox 453 2369 548 2418; x_wconf 79' lang='lat' dir='ltr'>debent</span> <span class='ocrx_word' id='word_1_283' title='bbox 560 2371 675 2434; x_wconf 78' lang='lat' dir='ltr'>vulgata,</span> <span class='ocrx_word' id='word_1_284' title='bbox 690 2371 833 2433; x_wconf 69' lang='lat' dir='ltr'>praesertim</span> <span class='ocrx_word' id='word_1_285' title='bbox 845 2370 867 2419; x_wconf 86' lang='lat' dir='ltr'>ri</span> <span class='ocrx_word' id='word_1_286' title='bbox 882 2383 909 2418; x_wconf 85' lang='lat' dir='ltr'>ru</span> <span class='ocrx_word' id='word_1_287' title='bbox 920 2369 1037 2432; x_wconf 78' lang='lat' dir='ltr'>proximo</span> <span class='ocrx_word' id='word_1_288' title='bbox 1046 2383 1122 2419; x_wconf 83' lang='lat' dir='ltr'>vernn</span> <span class='ocrx_word' id='word_1_289' title='bbox 1132 2383 1269 2434; x_wconf 83' lang='lat' dir='ltr'>aequamur</span> <span class='ocrx_word' id='word_1_290' title='bbox 1280 2370 1331 2420; x_wconf 85' lang='lat' dir='ltr'>iec-</span> 
     </span>
     <span class='ocr_line' id='line_1_29' title="bbox 235 2431 1331 2485; baseline 0.004 -5"><span class='ocrx_word' id='word_1_291' title='bbox 235 2433 331 2480; x_wconf 87' lang='lat' dir='ltr'>tionem</span> <span class='ocrx_word' id='word_1_292' title='bbox 344 2433 473 2482; x_wconf 67' lang='lat' dir='ltr'>Rubenii!</span> <span class='ocrx_word' id='word_1_293' title='bbox 506 2434 558 2482; x_wconf 89' lang='lat' dir='ltr'>Sed</span> <span class='ocrx_word' id='word_1_294' title='bbox 569 2434 619 2483; x_wconf 88' lang='lat' dir='ltr'>aiio</span> <span class='ocrx_word' id='word_1_295' title='bbox 629 2433 706 2484; x_wconf 87' lang='lat' dir='ltr'>modo</span> <span class='ocrx_word' id='word_1_296' title='bbox 717 2435 784 2485; x_wconf 83' lang='lat' dir='ltr'>huuc</span> <span class='ocrx_word' id='word_1_297' title='bbox 795 2435 813 2484; x_wconf 84' lang='lat'>1.</span> <span class='ocrx_word' id='word_1_298' title='bbox 823 2433 983 2484; x_wconf 77' lang='lat' dir='ltr'>constituere</span> <span class='ocrx_word' id='word_1_299' title='bbox 994 2435 1107 2484; x_wconf 87' lang='lat' dir='ltr'>tentarit</span> <span class='ocrx_word' id='word_1_300' title='bbox 1117 2433 1218 2483; x_wconf 84' lang='lat' dir='ltr'>Heinaii</span> <span class='ocrx_word' id='word_1_301' title='bbox 1230 2431 1331 2484; x_wconf 80' lang='lat' dir='ltr'>suenn-</span> 
     </span>
     <span class='ocr_line' id='line_1_30' title="bbox 236 2497 1331 2612; baseline 0.004 -68"><span class='ocrx_word' id='word_1_302' title='bbox 236 2497 296 2545; x_wconf 85' lang='lat' dir='ltr'>dnnr</span> <span class='ocrx_word' id='word_1_303' title='bbox 307 2497 515 2560; x_wconf 88' lang='lat' dir='ltr'>conjecturarum</span> <span class='ocrx_word' id='word_1_304' title='bbox 527 2498 667 2562; x_wconf 76' lang='lat' dir='ltr'>ingenium,</span> <span class='ocrx_word' id='word_1_305' title='bbox 683 2497 727 2563; x_wconf 81' lang='lat' dir='ltr'>qui</span> <span class='ocrx_word' id='word_1_306' title='bbox 738 2498 773 2547; x_wconf 80' lang='grc' dir='ltr'>Ν.</span> <span class='ocrx_word' id='word_1_307' title='bbox 785 2497 818 2546; x_wconf 83' lang='lat' dir='ltr'>ed</span> <span class='ocrx_word' id='word_1_308' title='bbox 831 2499 912 2561; x_wconf 87' lang='lat' dir='ltr'>Prop.</span> <span class='ocrx_word' id='word_1_309' title='bbox 923 2511 987 2561; x_wconf 85' lang='lat' dir='ltr'>quer</span> <span class='ocrx_word' id='word_1_310' title='bbox 998 2497 1160 2548; x_wconf 79' lang='lat' dir='ltr'>Adrenariir</span> <span class='ocrx_word' id='word_1_311' title='bbox 1171 2497 1225 2612; x_wconf 60' lang='grc' dir='ltr'>εὲιιι</span> <span class='ocrx_word' id='word_1_312' title='bbox 1236 2498 1331 2562; x_wconf 65' lang='lat' dir='ltr'>adieci,</span> 
     </span>
     <span class='ocr_line' id='line_1_31' title="bbox 235 2561 1331 2626; baseline 0.003 -17"><span class='ocrx_word' id='word_1_313' title='bbox 235 2575 262 2623; x_wconf 87' lang='lat' dir='ltr'>p.</span> <span class='ocrx_word' id='word_1_314' title='bbox 269 2563 327 2610; x_wconf 76' lang='grc'>667.</span> <span class='ocrx_word' id='word_1_315' title='bbox 334 2562 358 2609; x_wconf 85' lang='lat' dir='ltr'>ie</span> <span class='ocrx_word' id='word_1_316' title='bbox 378 2561 436 2610; x_wconf 92' lang='lat' dir='ltr'>eud.</span> <span class='ocrx_word' id='word_1_317' title='bbox 449 2561 558 2624; x_wconf 78' lang='lat' dir='ltr'>putabet</span> <span class='ocrx_word' id='word_1_318' title='bbox 577 2563 677 2611; x_wconf 68' lang='lat' dir='ltr'>Inuidia</span> <span class='ocrx_word' id='word_1_319' title='bbox 688 2561 767 2612; x_wconf 84' lang='lat' dir='ltr'>nianbo</span> <span class='ocrx_word' id='word_1_320' title='bbox 781 2561 833 2626; x_wconf 75' lang='lat' dir='ltr'>pain</span> <span class='ocrx_word' id='word_1_321' title='bbox 843 2577 880 2611; x_wconf 82' lang='lat' dir='ltr'>ure</span> <span class='ocrx_word' id='word_1_322' title='bbox 890 2562 926 2612; x_wconf 84' lang='lat' dir='ltr'>D.</span> <span class='ocrx_word' id='word_1_323' title='bbox 937 2577 959 2612; x_wconf 85' lang='lat' dir='ltr'>o.</span> <span class='ocrx_word' id='word_1_324' title='bbox 968 2566 1077 2625; x_wconf 68' lang='lat' dir='ltr'>unique.</span> <span class='ocrx_word' id='word_1_325' title='bbox 1088 2562 1121 2610; x_wconf 84' lang='lat' dir='ltr'>G.</span> <span class='ocrx_word' id='word_1_326' title='bbox 1132 2562 1164 2611; x_wconf 87' lang='lat' dir='ltr'>V.</span> <span class='ocrx_word' id='word_1_327' title='bbox 1203 2562 1295 2610; x_wconf 82' lang='lat' dir='ltr'>oeiliun</span> <span class='ocrx_word' id='word_1_328' title='bbox 1304 2563 1331 2612; x_wconf 92' lang='lat' dir='ltr'>iu</span> 
     </span>
     <span class='ocr_line' id='line_1_32' title="bbox 236 2577 1331 2690; baseline 0.004 -18"><span class='ocrx_word' id='word_1_329' title='bbox 236 2625 334 2674; x_wconf 79' lang='lat' dir='ltr'>comni.</span> <span class='ocrx_word' id='word_1_330' title='bbox 343 2577 377 2673; x_wconf 56' lang='lat' dir='ltr'>ng</span> <span class='ocrx_word' id='word_1_331' title='bbox 383 2625 474 2686; x_wconf 68' lang='lat' dir='ltr'>virgil.</span> <span class='ocrx_word' id='word_1_332' title='bbox 485 2625 558 2675; x_wconf 79' lang='lat' dir='ltr'>bonae</span> <span class='ocrx_word' id='word_1_333' title='bbox 565 2625 646 2690; x_wconf 72' lang='lat' dir='ltr'>frugis</span> <span class='ocrx_word' id='word_1_334' title='bbox 656 2625 896 2688; x_wconf 62' lang='lat' dir='ltr'>retenturum.</span> <span class='ocrx_word' id='word_1_335' title='bbox 903 2639 943 2675; x_wconf 76' lang='grc' dir='ltr'>ιι.</span> <span class='ocrx_word' id='word_1_336' title='bbox 950 2629 1009 2676; x_wconf 77' lang='lat' dir='ltr'>tut.</span> <span class='ocrx_word' id='word_1_337' title='bbox 1018 2625 1137 2676; x_wconf 84' lang='lat' dir='ltr'>tentabat</span> <span class='ocrx_word' id='word_1_338' title='bbox 1147 2625 1331 2686; x_wconf 76' lang='lat' dir='ltr'>lnoidioesrnnir</span> 
     </span>
     <span class='ocr_line' id='line_1_33' title="bbox 235 2688 1330 2754; baseline 0.003 -17"><span class='ocrx_word' id='word_1_339' title='bbox 235 2690 380 2740; x_wconf 66' lang='lat' dir='ltr'>ennena.</span> <span class='ocrx_word' id='word_1_340' title='bbox 398 2688 513 2739; x_wconf 82' lang='lat' dir='ltr'>Acumen</span> <span class='ocrx_word' id='word_1_341' title='bbox 522 2691 618 2753; x_wconf 74' lang='lat' dir='ltr'>ingenii</span> <span class='ocrx_word' id='word_1_342' title='bbox 629 2691 655 2739; x_wconf 91' lang='lat' dir='ltr'>in</span> <span class='ocrx_word' id='word_1_343' title='bbox 665 2698 773 2754; x_wconf 86' lang='lat' dir='ltr'>utroque</span> <span class='ocrx_word' id='word_1_344' title='bbox 781 2689 954 2754; x_wconf 70' lang='lat' dir='ltr'>agroecueed</span> <span class='ocrx_word' id='word_1_345' title='bbox 965 2690 1121 2754; x_wconf 77' lang='lat' dir='ltr'>conjecturis</span> <span class='ocrx_word' id='word_1_346' title='bbox 1132 2691 1170 2738; x_wconf 78' lang='lat' dir='ltr'>bie</span> <span class='ocrx_word' id='word_1_347' title='bbox 1181 2691 1330 2740; x_wconf 79' lang='lat' dir='ltr'>consentire</span> 
     </span>
     <span class='ocr_line' id='line_1_34' title="bbox 235 2751 1331 2818; baseline 0.003 -18"><span class='ocrx_word' id='word_1_348' title='bbox 235 2765 346 2815; x_wconf 85' lang='lat' dir='ltr'>nequeo.</span> <span class='ocrx_word' id='word_1_349' title='bbox 369 2753 631 2816; x_wconf 80' lang='lat' dir='ltr'>Inru&#39;dioeeaaeoptinra</span> <span class='ocrx_word' id='word_1_350' title='bbox 642 2762 669 2803; x_wconf 91' lang='lat' dir='ltr'>et</span> <span class='ocrx_word' id='word_1_351' title='bbox 680 2755 786 2816; x_wconf 69' lang='lat' dir='ltr'>elegans</span> <span class='ocrx_word' id='word_1_352' title='bbox 798 2751 913 2804; x_wconf 70' lang='lat' dir='ltr'>incutio!</span> <span class='ocrx_word' id='word_1_353' title='bbox 922 2753 1007 2802; x_wconf 75' lang='lat' dir='ltr'>Burin.</span> <span class='ocrx_word' id='word_1_354' title='bbox 1028 2751 1111 2802; x_wconf 85' lang='lat' dir='ltr'>‘Mihi</span> <span class='ocrx_word' id='word_1_355' title='bbox 1117 2753 1241 2802; x_wconf 85' lang='lat' dir='ltr'>librorum</span> <span class='ocrx_word' id='word_1_356' title='bbox 1250 2755 1331 2818; x_wconf 85' lang='lat' dir='ltr'>aerip-</span> 
     </span>
     <span class='ocr_line' id='line_1_35' title="bbox 236 2816 1329 2881; baseline 0.005 -18"><span class='ocrx_word' id='word_1_357' title='bbox 236 2824 294 2864; x_wconf 89' lang='lat' dir='ltr'>tura</span> <span class='ocrx_word' id='word_1_358' title='bbox 310 2817 396 2878; x_wconf 85' lang='lat' dir='ltr'>piacet</span> <span class='ocrx_word' id='word_1_359' title='bbox 407 2832 470 2866; x_wconf 81' lang='lat' dir='ltr'>aune</span> <span class='ocrx_word' id='word_1_360' title='bbox 480 2831 517 2866; x_wconf 81' lang='lat' dir='ltr'>rue</span> <span class='ocrx_word' id='word_1_361' title='bbox 527 2818 561 2867; x_wconf 86' lang='lat' dir='ltr'>D.</span> <span class='ocrx_word' id='word_1_362' title='bbox 571 2834 593 2865; x_wconf 81' lang='grc' dir='ltr'>ο.</span> <span class='ocrx_word' id='word_1_363' title='bbox 605 2831 636 2866; x_wconf 82' lang='lat' dir='ltr'>un</span> <span class='ocrx_word' id='word_1_364' title='bbox 646 2817 716 2881; x_wconf 66' lang='lat' dir='ltr'>quc!</span> <span class='ocrx_word' id='word_1_365' title='bbox 734 2817 836 2867; x_wconf 81' lang='lat' dir='ltr'>Hernrt.</span> <span class='ocrx_word' id='word_1_366' title='bbox 866 2818 939 2868; x_wconf 79' lang='lat' dir='ltr'>Nune</span> <span class='ocrx_word' id='word_1_367' title='bbox 952 2832 988 2867; x_wconf 81' lang='lat' dir='ltr'>ure</span> <span class='ocrx_word' id='word_1_368' title='bbox 1006 2818 1043 2867; x_wconf 87' lang='lat' dir='ltr'>D.</span> <span class='ocrx_word' id='word_1_369' title='bbox 1058 2818 1172 2880; x_wconf 76' lang='lat' dir='ltr'>explicet</span> <span class='ocrx_word' id='word_1_370' title='bbox 1185 2816 1242 2867; x_wconf 75' lang='lat' dir='ltr'>Aet.</span> <span class='ocrx_word' id='word_1_371' title='bbox 1254 2832 1279 2880; x_wconf 90' lang='lat' dir='ltr'>p.</span> <span class='ocrx_word' id='word_1_372' title='bbox 1290 2823 1329 2868; x_wconf 86' lang='lat'>1⁰.</span> 
     </span>
     <span class='ocr_line' id='line_1_36' title="bbox 237 2880 1330 2946; baseline 0.002 -19"><span class='ocrx_word' id='word_1_373' title='bbox 237 2880 302 2928; x_wconf 80' lang='lat' dir='ltr'>Num</span> <span class='ocrx_word' id='word_1_374' title='bbox 313 2894 349 2927; x_wconf 81' lang='lat' dir='ltr'>me</span> <span class='ocrx_word' id='word_1_375' title='bbox 359 2880 394 2928; x_wconf 87' lang='lat' dir='ltr'>D.</span> <span class='ocrx_word' id='word_1_376' title='bbox 404 2894 426 2928; x_wconf 87' lang='lat' dir='ltr'>o.</span> <span class='ocrx_word' id='word_1_377' title='bbox 438 2895 468 2928; x_wconf 85' lang='lat' dir='ltr'>nn</span> <span class='ocrx_word' id='word_1_378' title='bbox 480 2895 531 2943; x_wconf 76' lang='lat' dir='ltr'>puoe</span> <span class='ocrx_word' id='word_1_379' title='bbox 540 2881 643 2932; x_wconf 74' lang='lat' dir='ltr'>bechor.</span> <span class='ocrx_word' id='word_1_380' title='bbox 657 2881 762 2931; x_wconf 84' lang='lat' dir='ltr'>exbibet</span> <span class='ocrx_word' id='word_1_381' title='bbox 773 2887 897 2932; x_wconf 87' lang='lat' dir='ltr'>etmonet</span> <span class='ocrx_word' id='word_1_382' title='bbox 907 2895 940 2929; x_wconf 88' lang='lat' dir='ltr'>ue</span> <span class='ocrx_word' id='word_1_383' title='bbox 952 2881 1015 2946; x_wconf 83' lang='lat' dir='ltr'>qnid</span> <span class='ocrx_word' id='word_1_384' title='bbox 1025 2887 1121 2931; x_wconf 82' lang='lat' dir='ltr'>tentet.</span> <span class='ocrx_word' id='word_1_385' title='bbox 1143 2882 1200 2929; x_wconf 84' lang='lat' dir='ltr'>Non</span> <span class='ocrx_word' id='word_1_386' title='bbox 1210 2883 1330 2945; x_wconf 77' lang='lat' dir='ltr'>Neap—</span> 
     </span>
     <span class='ocr_line' id='line_1_37' title="bbox 237 2939 1330 3010; baseline 0.004 -19"><span class='ocrx_word' id='word_1_387' title='bbox 237 2945 266 2991; x_wconf 85' lang='lat' dir='ltr'>il</span> <span class='ocrx_word' id='word_1_388' title='bbox 284 2943 292 2970; x_wconf 85' lang='lat'>‘</span> <span class='ocrx_word' id='word_1_389' title='bbox 304 2939 435 2993; x_wconf 76' lang='lat' dir='ltr'>Rubenius</span> <span class='ocrx_word' id='word_1_390' title='bbox 446 2955 477 2994; x_wconf 88' lang='lat' dir='ltr'>rr.</span> <span class='ocrx_word' id='word_1_391' title='bbox 494 2943 579 2994; x_wconf 88' lang='lat' dir='ltr'>Eiect.</span> <span class='ocrx_word' id='word_1_392' title='bbox 591 2949 614 2994; x_wconf 78' lang='lat' dir='ltr'>u.</span> <span class='ocrx_word' id='word_1_393' title='bbox 639 2946 694 2994; x_wconf 87' lang='lat' dir='ltr'>Nun</span> <span class='ocrx_word' id='word_1_394' title='bbox 703 2959 755 2994; x_wconf 83' lang='lat' dir='ltr'>cunt</span> <span class='ocrx_word' id='word_1_395' title='bbox 765 2959 786 2994; x_wconf 83' lang='lat' dir='ltr'>e.</span> <span class='ocrx_word' id='word_1_396' title='bbox 796 2957 818 3008; x_wconf 82' lang='lat' dir='ltr'>p.</span> <span class='ocrx_word' id='word_1_397' title='bbox 825 2941 939 3004; x_wconf 68' lang='lat' dir='ltr'>summ?</span> <span class='ocrx_word' id='word_1_398' title='bbox 950 2959 982 2994; x_wconf 85' lang='lat' dir='ltr'>nn</span> <span class='ocrx_word' id='word_1_399' title='bbox 992 2959 1025 2994; x_wconf 86' lang='lat' dir='ltr'>nt.</span> <span class='ocrx_word' id='word_1_400' title='bbox 1036 2959 1059 2994; x_wconf 87' lang='lat' dir='ltr'>u.</span> <span class='ocrx_word' id='word_1_401' title='bbox 1072 2946 1089 2994; x_wconf 83' lang='lat' dir='ltr'>i.</span> <span class='ocrx_word' id='word_1_402' title='bbox 1101 2941 1206 3008; x_wconf 73' lang='lat' dir='ltr'>puellus?</span> <span class='ocrx_word' id='word_1_403' title='bbox 1239 2939 1330 3010; x_wconf 79' lang='lat' dir='ltr'>Certe,</span> 
     </span>
     <span class='ocr_line' id='line_1_38' title="bbox 235 3005 1329 3074; baseline 0.003 -20"><span class='ocrx_word' id='word_1_404' title='bbox 235 3007 340 3055; x_wconf 72' lang='lat' dir='ltr'>tametsi</span> <span class='ocrx_word' id='word_1_405' title='bbox 350 3005 418 3056; x_wconf 75' lang='lat' dir='ltr'>udan</span> <span class='ocrx_word' id='word_1_406' title='bbox 428 3007 500 3056; x_wconf 80' lang='lat' dir='ltr'>ebert</span> <span class='ocrx_word' id='word_1_407' title='bbox 512 3021 528 3057; x_wconf 88' lang='lat' dir='ltr'>a</span> <span class='ocrx_word' id='word_1_408' title='bbox 539 3009 603 3058; x_wconf 82' lang='lat' dir='ltr'>Mer.</span> <span class='ocrx_word' id='word_1_409' title='bbox 616 3015 702 3060; x_wconf 90' lang='lat' dir='ltr'>tamen</span> <span class='ocrx_word' id='word_1_410' title='bbox 714 3008 848 3058; x_wconf 83' lang='lat' dir='ltr'>commode</span> <span class='ocrx_word' id='word_1_411' title='bbox 860 3009 977 3058; x_wconf 79' lang='lat' dir='ltr'>revocari</span> <span class='ocrx_word' id='word_1_412' title='bbox 989 3015 1076 3072; x_wconf 79' lang='lat' dir='ltr'>potent</span> <span class='ocrx_word' id='word_1_413' title='bbox 1087 3024 1120 3058; x_wconf 84' lang='lat' dir='ltr'>ex</span> <span class='ocrx_word' id='word_1_414' title='bbox 1128 3016 1260 3072; x_wconf 82' lang='lat' dir='ltr'>poetrrrne</span> <span class='ocrx_word' id='word_1_415' title='bbox 1271 3012 1329 3074; x_wconf 77' lang='lat' dir='ltr'>cyil.</span> 
     </span>
     <span class='ocr_line' id='line_1_39' title="bbox 234 3069 1329 3137; baseline 0.005 -20"><span class='ocrx_word' id='word_1_416' title='bbox 234 3071 306 3119; x_wconf 78' lang='lat' dir='ltr'>nocie</span> <span class='ocrx_word' id='word_1_417' title='bbox 323 3069 460 3131; x_wconf 61' lang='lat' dir='ltr'>‘fueraml</span> <span class='ocrx_word' id='word_1_418' title='bbox 478 3087 535 3136; x_wconf 72' lang='lat' dir='ltr'>qun</span> <span class='ocrx_word' id='word_1_419' title='bbox 549 3081 699 3137; x_wconf 72' lang='lat' dir='ltr'>sequentem</span> <span class='ocrx_word' id='word_1_420' title='bbox 712 3073 875 3124; x_wconf 76' lang='lat' dir='ltr'>abnorbebat.</span> <span class='ocrx_word' id='word_1_421' title='bbox 907 3074 1039 3137; x_wconf 83' lang='lat' dir='ltr'>Frequene</span> <span class='ocrx_word' id='word_1_422' title='bbox 1059 3072 1084 3122; x_wconf 81' lang='lat' dir='ltr'>iti</span> <span class='ocrx_word' id='word_1_423' title='bbox 1102 3073 1128 3122; x_wconf 89' lang='lat' dir='ltr'>iu</span> <span class='ocrx_word' id='word_1_424' title='bbox 1139 3073 1197 3124; x_wconf 85' lang='lat' dir='ltr'>iibr.</span> <span class='ocrx_word' id='word_1_425' title='bbox 1210 3075 1329 3123; x_wconf 74' lang='lat' dir='ltr'>retortia.</span> 
     </span>
     <span class='ocr_line' id='line_1_40' title="bbox 233 3133 1330 3203; baseline 0.005 -20"><span class='ocrx_word' id='word_1_426' title='bbox 233 3133 284 3183; x_wconf 77' lang='lat' dir='ltr'>Sed</span> <span class='ocrx_word' id='word_1_427' title='bbox 297 3135 427 3198; x_wconf 80' lang='lat' dir='ltr'>cogitaud.</span> <span class='ocrx_word' id='word_1_428' title='bbox 440 3142 468 3185; x_wconf 91' lang='lat' dir='ltr'>ct</span> <span class='ocrx_word' id='word_1_429' title='bbox 479 3137 583 3186; x_wconf 79' lang='lat' dir='ltr'>videtur</span> <span class='ocrx_word' id='word_1_430' title='bbox 594 3137 662 3186; x_wconf 90' lang='lat' dir='ltr'>aiiud</span> <span class='ocrx_word' id='word_1_431' title='bbox 674 3137 742 3187; x_wconf 82' lang='lat' dir='ltr'>velie</span> <span class='ocrx_word' id='word_1_432' title='bbox 755 3136 899 3194; x_wconf 81' lang='lat' dir='ltr'>Rubeniur,</span> <span class='ocrx_word' id='word_1_433' title='bbox 914 3137 985 3186; x_wconf 82' lang='lat' dir='ltr'>eliud</span> <span class='ocrx_word' id='word_1_434' title='bbox 997 3150 1086 3187; x_wconf 82' lang='lat' dir='ltr'>verane</span> <span class='ocrx_word' id='word_1_435' title='bbox 1099 3138 1216 3203; x_wconf 78' lang='lat' dir='ltr'>proxime</span> <span class='ocrx_word' id='word_1_436' title='bbox 1231 3152 1330 3199; x_wconf 79' lang='lat' dir='ltr'>praece·</span> 
     </span>
     <span class='ocr_line' id='line_1_41' title="bbox 234 3198 1329 3264; baseline 0.004 -16"><span class='ocrx_word' id='word_1_437' title='bbox 234 3198 318 3248; x_wconf 83' lang='lat' dir='ltr'>dene.’</span> <span class='ocrx_word' id='word_1_438' title='bbox 336 3200 443 3249; x_wconf 71' lang='lat' dir='ltr'>Bronten.</span> <span class='ocrx_word' id='word_1_439' title='bbox 461 3201 505 3262; x_wconf 81' lang='lat' dir='ltr'>qni</span> <span class='ocrx_word' id='word_1_440' title='bbox 520 3203 588 3264; x_wconf 78' lang='lat' dir='ltr'>vulg.</span> <span class='ocrx_word' id='word_1_441' title='bbox 607 3201 719 3250; x_wconf 83' lang='lat' dir='ltr'>exbibet.</span> <span class='ocrx_word' id='word_1_442' title='bbox 752 3202 833 3255; x_wconf 74' lang='lat' dir='ltr'>‘Qua</span> <span class='ocrx_word' id='word_1_443' title='bbox 844 3201 917 3251; x_wconf 88' lang='lat' dir='ltr'>Leid.</span> <span class='ocrx_word' id='word_1_444' title='bbox 929 3205 953 3251; x_wconf 78' lang='lat'>2.</span> <span class='ocrx_word' id='word_1_445' title='bbox 972 3201 1054 3252; x_wconf 75' lang='lat' dir='ltr'>Duru.</span> <span class='ocrx_word' id='word_1_446' title='bbox 1066 3205 1090 3252; x_wconf 78' lang='lat'>2.</span> <span class='ocrx_word' id='word_1_447' title='bbox 1106 3209 1133 3251; x_wconf 88' lang='lat' dir='ltr'>et</span> <span class='ocrx_word' id='word_1_448' title='bbox 1144 3203 1238 3250; x_wconf 86' lang='lat' dir='ltr'>venet.</span> <span class='ocrx_word' id='word_1_449' title='bbox 1254 3206 1279 3251; x_wconf 71' lang='lat'>2.</span> <span class='ocrx_word' id='word_1_450' title='bbox 1297 3217 1329 3252; x_wconf 88' lang='lat' dir='ltr'>ac</span> 
     </span>
     <span class='ocr_line' id='line_1_42' title="bbox 236 3259 1330 3330; baseline 0.006 -20"><span class='ocrx_word' id='word_1_451' title='bbox 236 3259 322 3324; x_wconf 74' lang='lat' dir='ltr'>Rheg.</span> <span class='ocrx_word' id='word_1_452' title='bbox 356 3261 385 3313; x_wconf 78' lang='lat' dir='ltr'>F.</span> <span class='ocrx_word' id='word_1_453' title='bbox 403 3263 504 3327; x_wconf 79' lang='lat' dir='ltr'>legend.</span> <span class='ocrx_word' id='word_1_454' title='bbox 522 3265 582 3328; x_wconf 81' lang='lat' dir='ltr'>quod</span> <span class='ocrx_word' id='word_1_455' title='bbox 596 3263 621 3324; x_wconf 85' lang='lat' dir='ltr'>f.</span> <span class='ocrx_word' id='word_1_456' title='bbox 640 3264 716 3330; x_wconf 91' lang='lat' dir='ltr'>idque</span> <span class='ocrx_word' id='word_1_457' title='bbox 735 3263 829 3313; x_wconf 81' lang='lat' dir='ltr'>anadet</span> <span class='ocrx_word' id='word_1_458' title='bbox 843 3265 955 3315; x_wconf 85' lang='lat' dir='ltr'>inritatio</span> <span class='ocrx_word' id='word_1_459' title='bbox 975 3265 1073 3329; x_wconf 84' lang='lat' dir='ltr'>Ovidii,</span> <span class='ocrx_word' id='word_1_460' title='bbox 1091 3265 1164 3330; x_wconf 83' lang='lat' dir='ltr'>cujne</span> <span class='ocrx_word' id='word_1_461' title='bbox 1184 3266 1266 3314; x_wconf 88' lang='lat' dir='ltr'>locum</span> <span class='ocrx_word' id='word_1_462' title='bbox 1286 3267 1330 3317; x_wconf 85' lang='lat' dir='ltr'>bic</span> 
     </span>
     <span class='ocr_line' id='line_1_43' title="bbox 236 3323 1330 3394; baseline 0.006 -22"><span class='ocrx_word' id='word_1_463' title='bbox 236 3323 313 3374; x_wconf 80' lang='lat' dir='ltr'>affert</span> <span class='ocrx_word' id='word_1_464' title='bbox 324 3325 440 3376; x_wconf 85' lang='lat' dir='ltr'>Bronkir.</span> <span class='ocrx_word' id='word_1_465' title='bbox 454 3341 468 3376; x_wconf 94' lang='lat' dir='ltr'>e</span> <span class='ocrx_word' id='word_1_466' title='bbox 480 3341 543 3376; x_wconf 86' lang='lat' dir='ltr'>xrrr.</span> <span class='ocrx_word' id='word_1_467' title='bbox 560 3327 605 3376; x_wconf 83' lang='lat' dir='ltr'>Tr.</span> <span class='ocrx_word' id='word_1_468' title='bbox 618 3331 659 3378; x_wconf 85' lang='lat' dir='ltr'>lt.</span> <span class='ocrx_word' id='word_1_469' title='bbox 671 3333 712 3377; x_wconf 74' lang='lat'>25.</span> <span class='ocrx_word' id='word_1_470' title='bbox 745 3330 795 3392; x_wconf 84' lang='lat' dir='ltr'>Ep.</span> <span class='ocrx_word' id='word_1_471' title='bbox 806 3329 831 3378; x_wconf 82' lang='lat'>9.</span> <span class='ocrx_word' id='word_1_472' title='bbox 842 3331 898 3379; x_wconf 82' lang='lat' dir='ltr'>lod.</span> <span class='ocrx_word' id='word_1_473' title='bbox 916 3327 948 3377; x_wconf 88' lang='lat' dir='ltr'>nd</span> <span class='ocrx_word' id='word_1_474' title='bbox 959 3343 1035 3394; x_wconf 87' lang='lat' dir='ltr'>quern</span> <span class='ocrx_word' id='word_1_475' title='bbox 1049 3331 1066 3379; x_wconf 94' lang='grc' dir='ltr'>Ι.</span> <span class='ocrx_word' id='word_1_476' title='bbox 1077 3343 1127 3378; x_wconf 92' lang='lat' dir='ltr'>uon</span> <span class='ocrx_word' id='word_1_477' title='bbox 1139 3329 1232 3394; x_wconf 77' lang='lat' dir='ltr'>exigna</span> <span class='ocrx_word' id='word_1_478' title='bbox 1243 3344 1330 3379; x_wconf 87' lang='lat' dir='ltr'>exem·</span> 
     </span>
     <span class='ocr_line' id='line_1_44' title="bbox 236 3389 1331 3468; baseline 0.007 -32"><span class='ocrx_word' id='word_1_479' title='bbox 236 3390 336 3464; x_wconf 71' lang='lat' dir='ltr'>piorum</span> <span class='ocrx_word' id='word_1_480' title='bbox 357 3391 432 3452; x_wconf 84' lang='lat' dir='ltr'>copia</span> <span class='ocrx_word' id='word_1_481' title='bbox 447 3389 513 3440; x_wconf 76' lang='lat' dir='ltr'>hanc</span> <span class='ocrx_word' id='word_1_482' title='bbox 533 3392 688 3468; x_wconf 76' lang='lat' dir='ltr'>locutionem</span> <span class='ocrx_word' id='word_1_483' title='bbox 700 3391 814 3466; x_wconf 67' lang='lat' dir='ltr'>i’atruua</span> <span class='ocrx_word' id='word_1_484' title='bbox 833 3405 906 3442; x_wconf 85' lang='lat' dir='ltr'>nreua</span> <span class='ocrx_word' id='word_1_485' title='bbox 926 3390 1054 3456; x_wconf 74' lang='lat' dir='ltr'>probarit.</span> <span class='ocrx_word' id='word_1_486' title='bbox 1088 3393 1191 3443; x_wconf 85' lang='lat' dir='ltr'>Deinde</span> <span class='ocrx_word' id='word_1_487' title='bbox 1207 3407 1238 3442; x_wconf 82' lang='lat' dir='ltr'>cn</span> <span class='ocrx_word' id='word_1_488' title='bbox 1252 3400 1331 3444; x_wconf 71' lang='lat' dir='ltr'>met</span> 
     </span>
     <span class='ocr_line' id='line_1_45' title="bbox 235 3451 1331 3589; baseline 0.007 -26"><span class='ocrx_word' id='word_1_489' title='bbox 235 3451 1331 3589; x_wconf 51' lang='lat' dir='ltr'>genuinumneuteriui-0¹:¹2tritt-,nuffurrdrtrunu</span> 
     </span>
     <span class='ocr_line' id='line_1_46' title="bbox 234 3579 1330 3649; baseline 0.007 -21"><span class='ocrx_word' id='word_1_490' title='bbox 234 3585 280 3639; x_wconf 86' lang='lat' dir='ltr'>att,</span> <span class='ocrx_word' id='word_1_491' title='bbox 297 3579 424 3628; x_wconf 79' lang='lat' dir='ltr'>‘virorum</span> <span class='ocrx_word' id='word_1_492' title='bbox 436 3580 570 3632; x_wconf 83' lang='lat' dir='ltr'>doctorum</span> <span class='ocrx_word' id='word_1_493' title='bbox 586 3583 760 3633; x_wconf 74' lang='lat' dir='ltr'>divinationes</span> <span class='ocrx_word' id='word_1_494' title='bbox 771 3583 1012 3647; x_wconf 64' lang='lat' dir='ltr'>improbabieJ-id</span> <span class='ocrx_word' id='word_1_495' title='bbox 1028 3587 1190 3646; x_wconf 63' lang='lat' dir='ltr'>&#39;Cunnum</span> <span class='ocrx_word' id='word_1_496' title='bbox 1201 3601 1233 3636; x_wconf 84' lang='lat' dir='ltr'>ert</span> <span class='ocrx_word' id='word_1_497' title='bbox 1245 3588 1330 3649; x_wconf 76' lang='lat' dir='ltr'>giem</span> 
     </span>
     <span class='ocr_line' id='line_1_47' title="bbox 236 3643 1328 3714; baseline 0.007 -22"><span class='ocrx_word' id='word_1_498' title='bbox 236 3643 412 3707; x_wconf 76' lang='lat' dir='ltr'>superscripta</span> <span class='ocrx_word' id='word_1_499' title='bbox 422 3653 509 3694; x_wconf 83' lang='lat' dir='ltr'>natam</span> <span class='ocrx_word' id='word_1_500' title='bbox 521 3646 641 3710; x_wconf 82' lang='lat' dir='ltr'>opinetur</span> <span class='ocrx_word' id='word_1_501' title='bbox 651 3647 742 3698; x_wconf 76' lang='lat' dir='ltr'>Heius.</span> <span class='ocrx_word' id='word_1_502' title='bbox 754 3656 781 3698; x_wconf 87' lang='lat' dir='ltr'>et</span> <span class='ocrx_word' id='word_1_503' title='bbox 790 3663 837 3712; x_wconf 90' lang='lat' dir='ltr'>pro</span> <span class='ocrx_word' id='word_1_504' title='bbox 846 3664 981 3712; x_wconf 70' lang='lat' dir='ltr'>cognouere</span> <span class='ocrx_word' id='word_1_505' title='bbox 992 3650 1100 3699; x_wconf 86' lang='lat' dir='ltr'>cuu&#39;icit</span> <span class='ocrx_word' id='word_1_506' title='bbox 1110 3646 1248 3712; x_wconf 68' lang='lat' dir='ltr'>perdum:</span> <span class='ocrx_word' id='word_1_507' title='bbox 1260 3652 1328 3714; x_wconf 88' lang='lat' dir='ltr'>qnod</span> 
     </span>
     <span class='ocr_line' id='line_1_48' title="bbox 235 3707 1329 3776; baseline 0.009 -22"><span class='ocrx_word' id='word_1_508' title='bbox 235 3707 256 3755; x_wconf 87' lang='lat' dir='ltr'>ai</span> <span class='ocrx_word' id='word_1_509' title='bbox 269 3721 367 3772; x_wconf 84' lang='lat' dir='ltr'>verum,</span> <span class='ocrx_word' id='word_1_510' title='bbox 384 3708 469 3758; x_wconf 85' lang='lat' dir='ltr'>meiirn</span> <span class='ocrx_word' id='word_1_511' title='bbox 485 3711 621 3772; x_wconf 82' lang='lat' dir='ltr'>producere.</span> <span class='ocrx_word' id='word_1_512' title='bbox 655 3711 707 3761; x_wconf 80' lang='lat' dir='ltr'>Sed</span> <span class='ocrx_word' id='word_1_513' title='bbox 726 3709 789 3762; x_wconf 86' lang='lat' dir='ltr'>nihil</span> <span class='ocrx_word' id='word_1_514' title='bbox 799 3713 885 3776; x_wconf 85' lang='lat' dir='ltr'>potina</span> <span class='ocrx_word' id='word_1_515' title='bbox 896 3713 1021 3764; x_wconf 89' lang='lat' dir='ltr'>mutand.’</span> <span class='ocrx_word' id='word_1_516' title='bbox 1065 3715 1271 3765; x_wconf 78' lang='lat' dir='ltr'>urm.-ltd1eia</span> <span class='ocrx_word' id='word_1_517' title='bbox 1282 3729 1329 3764; x_wconf 84' lang='lat' dir='ltr'>rnu-</span> 
     </span>
    </p>
   </div>
   <div class='ocr_carea' id='block_1_8' title="bbox 728 3823 834 3875">
    <p class='ocr_par' dir='ltr' id='par_1_8' title="bbox 728 3823 834 3875">
     <span class='ocr_line' id='line_1_49' title="bbox 728 3823 834 3875; baseline 0 -2"><span class='ocrx_word' id='word_1_518' title='bbox 728 3823 834 3875; x_wconf 77' lang='lat' dir='ltr'>NOTAE</span> 
     </span>
    </p>
   </div>
   <div class='ocr_carea' id='block_1_9' title="bbox 235 3913 1332 4218">
    <p class='ocr_par' dir='ltr' id='par_1_9' title="bbox 235 3913 1332 4218">
     <span class='ocr_line' id='line_1_50' title="bbox 235 3913 1330 3989; baseline 0.012 -27"><span class='ocrx_word' id='word_1_519' title='bbox 235 3927 307 3963; x_wconf 86' lang='lat' dir='ltr'>nrona</span> <span class='ocrx_word' id='word_1_520' title='bbox 318 3913 481 3980; x_wconf 77' lang='lat' dir='ltr'>intelligitur,</span> <span class='ocrx_word' id='word_1_521' title='bbox 492 3916 517 3965; x_wconf 87' lang='lat' dir='ltr'>iu</span> <span class='ocrx_word' id='word_1_522' title='bbox 525 3917 599 3981; x_wconf 77' lang='lat' dir='ltr'>cujus</span> <span class='ocrx_word' id='word_1_523' title='bbox 612 3918 710 3969; x_wconf 79' lang='lat' dir='ltr'>vertice</span> <span class='ocrx_word' id='word_1_524' title='bbox 720 3931 761 3970; x_wconf 89' lang='lat' dir='ltr'>re·</span> <span class='ocrx_word' id='word_1_525' title='bbox 800 3920 930 3972; x_wconf 86' lang='lat' dir='ltr'>nretbentu</span> <span class='ocrx_word' id='word_1_526' title='bbox 942 3921 1004 3972; x_wconf 84' lang='lat' dir='ltr'>ibid.</span> <span class='ocrx_word' id='word_1_527' title='bbox 1017 3937 1050 3973; x_wconf 94' lang='lat' dir='ltr'>ea</span> <span class='ocrx_word' id='word_1_528' title='bbox 1059 3921 1126 3974; x_wconf 79' lang='lat' dir='ltr'>affini</span> <span class='ocrx_word' id='word_1_529' title='bbox 1137 3937 1224 3989; x_wconf 84' lang='lat' dir='ltr'>poena,</span> <span class='ocrx_word' id='word_1_530' title='bbox 1235 3931 1264 3974; x_wconf 89' lang='lat' dir='ltr'>ut</span> <span class='ocrx_word' id='word_1_531' title='bbox 1275 3926 1330 3974; x_wconf 78' lang='lat' dir='ltr'>nni·</span> 
     </span>
     <span class='ocr_line' id='line_1_51' title="bbox 235 3988 1332 4062; baseline 0.013 -26"><span class='ocrx_word' id='word_1_532' title='bbox 235 3988 330 4050; x_wconf 70' lang='lat' dir='ltr'>ligetur</span> <span class='ocrx_word' id='word_1_533' title='bbox 355 3989 433 4040; x_wconf 77' lang='lat' dir='ltr'>suinae</span> <span class='ocrx_word' id='word_1_534' title='bbox 461 3993 555 4042; x_wconf 87' lang='lat' dir='ltr'>dieitur</span> <span class='ocrx_word' id='word_1_535' title='bbox 583 3994 762 4058; x_wconf 84' lang='lat' dir='ltr'>Prometheua,</span> <span class='ocrx_word' id='word_1_536' title='bbox 800 4002 844 4046; x_wconf 88' lang='lat' dir='ltr'>tur</span> <span class='ocrx_word' id='word_1_537' title='bbox 854 3997 909 4060; x_wconf 71' lang='lat' dir='ltr'>ejus</span> <span class='ocrx_word' id='word_1_538' title='bbox 924 3997 1002 4062; x_wconf 77' lang='lat' dir='ltr'>jecur</span> <span class='ocrx_word' id='word_1_539' title='bbox 1013 4001 1136 4050; x_wconf 87' lang='lat' dir='ltr'>contiuuo</span> <span class='ocrx_word' id='word_1_540' title='bbox 1146 4013 1283 4050; x_wconf 83' lang='lat' dir='ltr'>renuacena</span> <span class='ocrx_word' id='word_1_541' title='bbox 1293 4001 1332 4050; x_wconf 88' lang='lat' dir='ltr'>di·</span> 
     </span>
     <span class='ocr_line' id='line_1_52' title="bbox 236 4066 1331 4140; baseline 0.011 -28"><span class='ocrx_word' id='word_1_542' title='bbox 236 4066 302 4128; x_wconf 81' lang='lat' dir='ltr'>quod</span> <span class='ocrx_word' id='word_1_543' title='bbox 315 4067 398 4130; x_wconf 77' lang='lat' dir='ltr'>iguem</span> <span class='ocrx_word' id='word_1_544' title='bbox 411 4069 547 4134; x_wconf 68' lang='lat' dir='ltr'>eaeetJori</span> <span class='ocrx_word' id='word_1_545' title='bbox 564 4070 676 4134; x_wconf 81' lang='lat' dir='ltr'>furetur,</span> <span class='ocrx_word' id='word_1_546' title='bbox 695 4085 762 4121; x_wconf 87' lang='lat' dir='ltr'>mur·</span> <span class='ocrx_word' id='word_1_547' title='bbox 800 4073 922 4132; x_wconf 74' lang='lat' dir='ltr'>laniaret,</span> <span class='ocrx_word' id='word_1_548' title='bbox 943 4071 1052 4124; x_wconf 80' lang='lat' dir='ltr'>fabulati</span> <span class='ocrx_word' id='word_1_549' title='bbox 1069 4083 1138 4125; x_wconf 87' lang='lat' dir='ltr'>aunt.</span> <span class='ocrx_word' id='word_1_550' title='bbox 1172 4076 1268 4126; x_wconf 88' lang='lat' dir='ltr'>Dicunt</span> <span class='ocrx_word' id='word_1_551' title='bbox 1284 4077 1331 4140; x_wconf 75' lang='lat' dir='ltr'>igi·</span> 
     </span>
     <span class='ocr_line' id='line_1_53' title="bbox 236 4141 1330 4218; baseline 0.014 -29"><span class='ocrx_word' id='word_1_552' title='bbox 236 4141 381 4208; x_wconf 82' lang='lat' dir='ltr'>taiibnaqne</span> <span class='ocrx_word' id='word_1_553' title='bbox 389 4144 553 4207; x_wconf 85' lang='lat' dir='ltr'>tradidiraet;</span> <span class='ocrx_word' id='word_1_554' title='bbox 570 4147 604 4196; x_wconf 89' lang='lat' dir='ltr'>ob</span> <span class='ocrx_word' id='word_1_555' title='bbox 613 4146 688 4212; x_wconf 86' lang='lat' dir='ltr'>idque</span> <span class='ocrx_word' id='word_1_556' title='bbox 698 4149 762 4196; x_wconf 88' lang='lat' dir='ltr'>Pro·</span> <span class='ocrx_word' id='word_1_557' title='bbox 803 4155 845 4197; x_wconf 89' lang='lat' dir='ltr'>tur</span> <span class='ocrx_word' id='word_1_558' title='bbox 863 4148 890 4197; x_wconf 93' lang='lat' dir='ltr'>in</span> <span class='ocrx_word' id='word_1_559' title='bbox 908 4147 1025 4199; x_wconf 75' lang='lat' dir='ltr'>Caucaso</span> <span class='ocrx_word' id='word_1_560' title='bbox 1045 4157 1132 4201; x_wconf 85' lang='lat' dir='ltr'>moute</span> <span class='ocrx_word' id='word_1_561' title='bbox 1152 4165 1186 4202; x_wconf 82' lang='lat' dir='ltr'>en</span> <span class='ocrx_word' id='word_1_562' title='bbox 1205 4155 1330 4218; x_wconf 77' lang='lat' dir='ltr'>sunguine</span> 
     </span>
    </p>
   </div>
   <div class='ocr_carea' id='block_1_10' title="bbox 0 0 1468 4764">
    <p class='ocr_par' dir='ltr' id='par_1_10' title="bbox 0 0 1468 4764">
     <span class='ocr_line' id='line_1_54' title="bbox 0 0 1468 4764; baseline 0 0"><span class='ocrx_word' id='word_1_563' title='bbox 0 0 1468 4764; x_wconf 95' lang='lat' dir='ltr'> </span> 
     </span>
    </p>
   </div>
  </div>
 </body>
</html>
