2920 4770
521 323 568 370 llll
593 321 816 374 vuarnerio.

264 511 420 578 Andreas
435 511 607 592 Schottus,
622 511 815 581 observatu
832 513 979 580 Humau.
997 533 1035 580 11.
1051 519 1082 582 7.

213 631 363 716 Cynthia
377 631 515 704 facundi
529 650 659 701 carmen
670 631 821 715 juvenile
837 632 1012 717 Properti:

129 733 216 804 adeo
227 733 366 815 elegans
380 742 415 799 at
430 733 565 809 scitum,
580 737 618 796 ut
636 731 720 796 nibil
735 751 776 796 eo
791 733 963 800 venustius
977 734 1041 799 hoe
1057 735 1090 798 in
1107 755 1224 818 genere

125 835 260 918 reperiri
274 842 388 919 queat.
412 833 657 900 Callimachum
673 833 834 900 Graecum
848 842 886 899 nt
898 838 1076 920 expressit,
1090 837 1226 922 Eupho·

127 939 267 1016 rionem,
281 939 434 1022 aliosque
448 937 643 1017 nonnullos;
666 937 715 1001 ita
735 934 834 1002 illum
846 937 1002 1002 similiter
1016 937 1074 1003 alii
1087 925 1225 1022 expres-

129 1059 213 1104 sere.

257 1155 437 1240 Philippus
453 1151 596 1220 Carolus
611 1151 770 1220 Animad.
787 1153 831 1218 ad
847 1152 970 1238 Agellii
987 1170 1026 1218 ιι.
1040 1155 1094 1220 23.

170 1289 268 1354 Sicut
283 1288 442 1372 pictores,
457 1286 566 1352 oculis
580 1284 734 1366 defessis,
749 1287 796 1354 ad
807 1286 947 1353 floridos
961 1295 996 1352 et
1010 1288 1141 1354 vividos
1167 1310 1224 1356 co-

127 1390 217 1455 lores
233 1409 271 1454 se
285 1396 460 1470 avertunt3
482 1390 530 1453 ita
546 1388 632 1453 bene
646 1389 736 1452 natis
751 1397 785 1453 et
798 1389 940 1454 literatis
950 1390 1093 1472 ingeniis
1108 1391 1226 1457 lenitas

127 1493 279 1574 gravium
293 1493 532 1574 longarumque
547 1488 801 1556 meditationum
818 1489 958 1554 Plautus
970 1499 1034 1568 est,
1049 1497 1086 1562 et
1098 1491 1223 1560 Teren-

130 1595 212 1670 tius,
229 1600 266 1657 et
280 1592 432 1671 Publius,
444 1601 478 1658 et
493 1591 670 1671 Horatius,
685 1597 719 1658 et
733 1590 926 1675 smaragdus
946 1591 1122 1676 poetarum
1142 1593 1224 1658 Pro-

129 1694 272 1776 partius.

151 1863 327 1929 Rolandus
350 1861 519 1930 Maresins
543 1877 582 1926 ιι.
606 1861 726 2029 prd.
749 1867 829 1947 post
851 1861 981 1950 prolata
1004 1863 1201 1946 Quintiliani

619 1983 679 2028 ver
703 1985 735 2030 a.

174 2083 304 2148 Durum
318 2081 399 2146 mihi
414 2081 548 2166 quidem
571 2086 634 2158 est,
658 2081 702 2146 ab
724 2081 812 2146 acris
832 2081 954 2165 judieii
970 2079 1096 2146 Critioo
1117 2082 1225 2147 disce·

130 2185 218 2264 dere,
234 2185 294 2269 qui
307 2184 479 2250 Tibullum
495 2183 624 2249 videtur
642 2181 814 2267 praeferre.
858 2181 925 2246 Sed
940 2188 1053 2248 tamen
1064 2183 1099 2247 in
1113 2183 1157 2248 iis
1170 2203 1223 2248 me

131 2307 205 2352 esse
219 2287 335 2365 fateor,
346 2287 405 2370 qui
420 2285 633 2369 Propertium
644 2283 772 2348 malint
795 2280 958 2360 Quamvis
970 2283 1057 2354 enim
1070 2283 1224 2368 Tibullus

130 2389 210 2454 mire
239 2390 284 2453 sit
309 2386 475 2452 facundus
504 2392 536 2450 et
563 2381 707 2470 elegans,
730 2385 862 2450 Latinae
886 2385 986 2450 etiam
1010 2384 1223 2468 proprietatis

131 2491 303 2567 amantior,
322 2507 424 2572 quam
449 2489 543 2566 alter,
568 2485 627 2570 qui
653 2503 745 2570 saepe
769 2485 951 2568 graecissat,
965 2491 1001 2548 et
1022 2485 1056 2549 in
1079 2487 1224 2550 carmine

131 2591 295 2668 exactior,
309 2597 344 2656 et
361 2587 550 2668 rotundior;
572 2595 684 2654 umen
707 2586 902 2671 Propertius
925 2585 1019 2651 illum
1042 2584 1224 2649 eruditione
1291 2653 1294 2660 Δ

131 2699 165 2758 et
185 2692 310 2776 ingenii
334 2691 501 2756 suavitate
523 2691 653 2755 videtur
676 2707 844 2774 superare,
869 2687 1008 2752 blandus
1032 2687 1166 2751 omnino
1191 2691 1225 2750 et

132 2793 217 2861 lenis
241 2795 280 2860 in
301 2791 496 2858 affectibus:
519 2790 690 2874 inquibus
713 2790 815 2856 etiam
837 2786 1059 2872 exprimendis
1080 2805 1224 2851 nonnun-

131 2913 242 2977 quam,
255 2901 413 2978 tanquam
429 2891 558 2958 calidus
580 2897 718 2970 amator,
734 2893 770 2954 et
783 2908 894 2956 amore
907 2888 1109 2973 deperditus,
1126 2889 1224 2954 vehe-

132 2997 272 3060 mentior
285 2995 361 3064 init.

373 3144 486 3212 Lucas
501 3143 682 3223 Fmterius,
697 3139 879 3207 Verisimil.
896 3155 919 3204 1.
935 3139 989 3204 14.

165 3263 398 3352 ¹Propertium
433 3281 510 3327 vere
547 3259 820 3327 Transmarinam
857 3255 1025 3323 Venerem
1054 3257 1227 3342 appellare

132 3383 325 3448 possumus,
336 3383 413 3429 enm
428 3370 563 3448 propter
577 3365 672 3428 varia
685 3361 720 3426 in
734 3379 807 3426 eoa
818 3359 954 3426 Grecis·
964 3358 1084 3424 tralata
1094 3357 1225 3426 dicendi

133 3485 265 3548 genera,
280 3472 350 3530 tum
364 3465 466 3532 etiam
490 3471 627 3550 proptor
641 3463 804 3548 quasdam
818 3467 852 3528 et
866 3461 1011 3528 audaces
1023 3468 1057 3526 et
1070 3463 1226 3546 proprias

134 3567 197 3631 sibi
213 3565 364 3651 phrases,
378 3568 512 3652 quasin
526 3568 594 3633 alio
607 3563 711 3651 polita
722 3563 815 3632 haud
829 3569 950 3630 umere
964 3561 1124 3647 reperias.

133 3733 156 3800 J
158 3753 241 3800 anus
262 3731 456 3804 Pannonius
476 3737 669 3822 Episcopus
689 3734 1053 3820 Quinquecclesiensis,
1070 3749 1109 3797 11.
1129 3731 1180 3796 ΕΙ.
1193 3733 1226 3796 2.

179 3851 293 3916 Nemo
308 3853 394 3919 adeo
407 3860 599 3934 autumans,
614 3853 695 3938 quin
710 3852 856 3918 Umbros
870 3851 1022 3936 praelerat
1035 3867 1132 3932 agros

221 3952 389 4020 Omnibus
404 3954 515 4020 ltaliae
530 3955 696 4020 fertilitate
708 3954 804 4020 locis.

179 4053 254 4120 Nec
269 4073 404 4138 qnoque
420 4055 577 4140 gauderet
589 4075 625 4120 se
637 4056 701 4120 hac
716 4059 813 4138 gente
825 4053 1021 4136 Propertius
1036 4061 1161 4130 ortum,¹

223 4154 271 4222 Ni
287 4156 399 4226 studio
413 4157 504 4237 belli,
518 4157 554 4222 ni
569 4157 652 4224 iuret
665 4163 748 4241 apta
762 4163 861 4239 togae.
