2888 4768
209 343 273 408 214
540 357 568 406 s.
592 356 751 405 ιιιιιιιιιι
775 353 975 405 ιιιοιιιιιιιι

209 501 282 566 Aut
296 519 373 565 cum
390 497 591 583 Munychias
607 498 724 564 Pallas
738 500 898 583 spatiatur
914 497 957 563 ad
972 495 1059 576 aras,

252 602 417 684 Gorgonis
431 600 608 682 anguiferae
624 608 742 684 pectus
757 606 876 684 operta
890 601 1014 680 comis3

135 705 140 712 “
211 703 333 784 Qualis
348 708 383 768 ct
397 701 628 779 Ischomache,
648 701 801 786 Lapithae
817 719 922 784 genus
935 700 1090 779 horoiuae,

40 811 44 818 '
253 803 432 870 Centauris
445 803 555 868 medio
570 807 663 886 graia
675 802 793 886 rapina
806 821 910 881 tuero,
1266 803 1308 868 10

209 971 283 1046 iun,
292 989 374 1049 μαι.
381 984 466 1036 mum
473 983 588 1036 urcem
597 984 986 1049 mnrecmaamuemm
996 984 1072 1048 quin
1081 983 1223 1045 ramere,
1232 983 1310 1046 noo.

208 1050 310 1100 Μαίη
320 1050 439 1114 mpure,
456 1049 562 1111 jacendo
577 1051 660 1114 praedu
673 1050 801 1099 Centauri·
812 1049 875 1098 inter
891 1048 985 1114 meula,
999 1049 1076 1112 priato
1094 1049 1187 1098 dicitur
1204 1048 1309 1112 puellm

666 1166 844 1187 uocemue!

208 1240 257 1286 -i
273 1234 453 1286 ‘Paeteratiur
463 1235 501 1285 ait
510 1234 635 1300 quoidam
646 1236 732 1300 legere
744 1236 853 1286 Marici.
870 1235 926 1300 Ego
935 1235 1049 1286 nondum
1060 1233 1147 1298 reperi
1158 1233 1203 1300 qui
1211 1231 1310 1284 fuerint
1342 1261 1344 1266 ·

206 1301 246 1350 lili
276 1299 370 1350 uidam.
403 1301 482 1350 Certe
492 1299 518 1348 iu
531 1313 599 1348 omn.
612 1300 672 1350 libr.
681 1307 721 1350 eet
732 1300 871 1350 Dulichiae:
881 1309 908 1349 et
918 1313 970 1349 nou
978 1313 1077 1350 summo
1087 1300 1160 1349 cultu
1169 1305 1308 1348 veneratus

208 1364 245 1414 rit
287 1365 368 1428 lycaea
385 1365 470 1414 Deam
487 1362 652 1426 patronarui’
671 1365 778 1414 Broulrh.
801 1364 953 1414 Eodurodo
970 1364 1139 1414 ratiocinatur
1154 1363 1248 1412 Barth.
1264 1363 1309 1426 qui

208 1436 298 1478 monet
308 1428 416 1478 Munich.
431 1426 571 1477 defendere
583 1427 716 1478 Heiueiuut
727 1429 763 1478 N.
776 1429 855 1492 Prop.
867 1435 894 1478 et
905 1428 970 1477 Acir.
982 1445 1009 1492 p.
1019 1433 1078 1478 2³8.
1087 1429 1111 1478 ei
1130 1441 1162 1476 ue
1173 1427 1309 1490 astipulari

194 1491 392 1542 ‘Marklandum
404 1491 436 1541 ad
448 1493 513 1541 Stat.
525 1492 596 1556 Sylv.
608 1507 634 1555 p.
644 1496 701 1542 tlh.
733 1492 854 1542 Heineiut
868 1493 906 1542 ric
922 1493 988 1556 legit
1004 1443 1154 1557 quoqceh.
1164 1491 1198 1541 ad
1209 1491 1264 1540 Or.
1275 1503 1308 1540 rr.

208 1555 250 1605 Μ.
267 1560 325 1606 709.
356 1558 389 1608 Εἰ
407 1556 548 1606 areeutitur
566 1557 656 1604 Burin.
672 1563 701 1606 et
716 1570 773 1605 earu
792 1558 854 1606 lect.
874 1555 978 1605 firmant
994 1557 1069 1606 Perr.
1087 1556 1227 1608 movet.
1245 1559 1270 1604 1.
1283 1559 1309 1604 2.

209 1619 347 1684 Corrupto,
353 1620 444 1684 judice
454 1619 513 1669 eod.
528 1621 618 1668 Burm.
628 1621 660 1668 ud
669 1635 740 1670 oum
750 1619 777 1669 iu
787 1617 863 1670 Vom.
874 1625 900 1670 t.
916 1620 1030 1684 Munych.
1046 1635 1097 1670 nou
1108 1632 1199 1669 carere
1209 1618 1309 1683 specie,

208 1684 313 1734 temetsi
324 1699 374 1734 uon
385 1683 559 1734 neceesarium
569 1682 644 1732 ducit
655 1684 761 1733 Lachm.
780 1684 814 1733 Ut
825 1683 966 1748 ›lyrim—8
978 1689 986 1712 ‘
1001 1685 1098 1734 Pectine
1108 1699 1145 1748 op.
1157 1682 1310 1732 cmliher

207 1747 349 1812 Scaligcrl:
368 1749 425 1811 ipro
444 1754 530 1797 manen
547 1746 591 1796 vix
608 1747 771 1797 admittente.
804 1749 896 1798 Nostri
916 1762 1003 1798 omnes
1018 1754 1100 1810 metue
1115 1764 1137 1797 a.
1151 1747 1232 1812 mutia,
1250 1761 1309 1812 quae

206 1825 270 1860 vera
281 1813 410 1860 lect.nam
425 1811 452 1859 in
468 1809 551 1874 aegide
567 1810 679 1862 hahebat
696 1811 816 1860 Minerva
832 1812 959 1877 Gorgonie
974 1812 1071 1876 ceput·
1086 1812 1198 1862 Brortkh.
1230 1810 1309 1862 Hanc

206 1875 285 1924 unice
300 1888 388 1924 reram
406 1875 522 1925 declarat
538 1874 631 1924 Barth.
649 1882 677 1925 et
690 1881 779 1925 mouet
794 1890 851 1926 eme
871 1877 897 1925 ln
916 1877 1042 1926 Commel.
1058 1876 1106 1926 aed
1122 1877 1193 1925 iilam
1210 1889 1270 1926 erae
1281 1875 1308 1924 iu

205 1935 273 1988 Scri.
295 1942 320 1987 1.
354 1941 514 1988 Burmannus
534 1939 627 1988 statuit
643 1939 818 1990 Patientiam
837 1947 866 1991 et
884 1941 999 1990 Brouith.
1022 1947 1094 1990 recte
1111 1947 1227 1990 unimur
1245 1940 1308 1989 lect.

207 2003 287 2064 tueri,
304 2009 333 2052 et
351 2010 439 2053 monet
458 2003 483 2052 ei
505 2016 635 2052 amentum
663 2004 780 2066 praebere
796 2019 884 2054 omnm
902 2004 958 2054 iere
976 2003 1052 2054 codd.
1071 2010 1099 2053 et
1118 2004 1178 2054 add.
1206 2017 1250 2067 pr.
1278 2019 1309 2054 ac

206 2066 321 2131 reliquae
343 2067 510 2129 vetustiores,
531 2082 704 2132 quaecumque
727 2068 881 2132 inspexerit.
912 2067 1006 2130 Aperta
1026 2069 1119 2118 Prone.
1137 2073 1163 2120 1.
1189 2071 1308 2130 Amne

207 2129 303 2181 Drerd.
328 2132 461 2184 Damnarat
476 2132 569 2183 Barth.
585 2138 614 2182 et
630 2133 756 2183 Kuiu.--9
778 2132 950 2183 ‘llircomcchc
972 2132 1076 2198 iuphyloe
1091 2132 1194 2184 motae
1210 2130 1308 2185 Dread.

702 2289 813 2342 NOTAE

206 2397 276 2447 uude
286 2395 447 2448 etlaudatur
464 2398 593 2450 Juuouiua
608 2400 733 2450 iuceerua.
775 2401 888 2465 cynthia
898 2405 951 2451 laun
969 2401 1082 2452 lorntora
1098 2404 1148 2462 eat,
1162 2413 1240 2466 qoam
1251 2401 1309 2466 ipra

205 2474 281 2538 virg.
293 2489 313 2524 ι.
326 2469 383 2524 AEu.
398 2473 466 2524 ‘Aet
485 2489 543 2539 ego,
561 2490 618 2541 qua
639 2475 733 2526 Dirum
774 2475 875 2540 Pallae,
885 2476 988 2541 qnando
999 2475 1034 2526 ad
1049 2491 1106 2527 erat
1117 2476 1255 2528 Dulichiae
1266 2478 1308 2527 vel

205 2550 299 2600 incedo
314 2550 411 2614 regina,
427 2549 550 2616 Jouitque
567 2552 603 2600 Et
617 2563 689 2600 roror
705 2557 734 2601 et
774 2553 937 2617 Munychias,
951 2553 1044 2618 quibua
1058 2552 1255 2616 religioriteiure
1265 2567 1308 2603 co·

206 2625 319 2692 conjux!
774 2628 846 2692 litor,
864 2629 952 2679 velata
968 2629 1057 2694 capite
1072 2627 1218 2692 Medusaeo,
1236 2627 1308 2692 quod

237 2706 254 2751 l
271 2702 342 2751 Mur.
361 2701 510 2766 [Dulichius]
522 2701 607 2752 Pallor
616 2703 735 2766 rputiutur
776 2712 862 2768 geatet
872 2706 897 2754 in
909 2703 1003 2769 aegide,
1014 2701 1143 2768 procedit.

204 2779 237 2828 ud
256 2778 322 2841 urm]
346 2777 505 2841 Dulichium,
524 2777 605 2828 incula
619 2779 646 2827 in
666 2779 736 2828 Mari
807 2786 823 2831 8
848 2781 968 2844 Gorgonis
985 2779 1128 2843 omisero]
1159 2779 1308 2844 Gorgoneo,

202 2851 281 2903 Ionio
297 2866 348 2902 non
366 2854 442 2916 louge
460 2852 493 2901 ab
512 2853 613 2915 Ithaca,
631 2855 735 2918 Ulytaia
775 2855 872 2907 Phorci
880 2855 951 2918 filiae,
962 2863 1014 2906 trec
1024 2851 1243 2919 dicuuturlulaee,
1255 2857 1307 2906 Enss

204 2929 301 2994 patria,
317 2943 419 2996 unaque
437 2943 471 2978 ex
491 2928 666 2980 Echiuedihur
680 2929 735 2995 qul·
776 2931 1168 2998 ryale,stueuo,1iledum,que
1179 2931 1234 2981 toln
1242 2945 1309 2981 uror-

203 3003 373 3070 torvum.
384 3005 445 3056 olim
457 3005 603 3070 Imperavit.
629 3007 737 3056 Dicitur
777 3009 835 3059 talia
846 3015 912 3072 erat,
923 3014 951 3059 et
967 3007 1042 3072 cujur
1059 3014 1149 3072 aput,
1165 3008 1278 3058 reelrurn
1290 3023 1307 3058 a

204 3088 291 3132 autum
302 3083 390 3133 Pallae
401 3081 524 3132 incedere
533 3081 606 3146 gravi
615 3097 692 3146 partu
702 3084 736 3134 ad
776 3086 883 3150 Peneo,
893 3085 980 3135 datum
990 3083 1071 3134 iniere
1078 3084 1206 3134 Minervae
1215 3083 1308 3133 scribit

203 3173 262 3209 mar
273 3159 418 3222 Dulichiae,
432 3159 475 3208 rel
487 3164 595 3223 propter
606 3159 734 3223 Ulymnm,
776 3159 948 3226 Apollodoro·
972 3160 1029 3211 Lib.
1047 3175 1082 3211 ιι.
1113 3161 1197 3210 Erant
1216 3166 1307 3210 autern

204 3234 247 3285 oui
257 3249 360 3299 semper
372 3234 574 3296 adhoereecebar,
585 3234 626 3282 vel
638 3233 698 3300 quia
708 3234 734 3284 in
774 3239 920 3303 Gorgones,
940 3242 971 3288 ut
993 3237 1031 3288 alt
1049 3237 1168 3299 Ovidius,
1190 3236 1307 3287 ‘crinita

203 3323 236 3360 ea
253 3309 337 3359 insula
352 3309 472 3373 religiose
485 3309 629 3359 colebatur.
663 3309 735 3359 Non·
774 3311 1002 3378 draconihuaora,'
1020 3327 1065 3363 reu
1079 3313 1173 3377 puella
1189 3326 1240 3376 pro
1253 3311 1306 3362 cri·

204 3384 269 3432 nulli
290 3385 383 3448 legunt
404 3385 555 3448 Menochia,
575 3385 592 3434 l
609 3399 634 3434 e.
653 3383 734 3435 Athe-
773 3389 849 3440 ulline
866 3403 961 3454 anguet
983 3393 1010 3440 et
1031 3389 1152 3439 colubro·
1170 3385 1308 3454 habentem

202 3459 342 3516 nieutona
360 3459 503 3523 Monychlo
520 3465 607 3523 portu,
623 3458 734 3511 Athenin
774 3481 832 3532 quoe
851 3465 987 3517 nomadas
1008 3464 1114 3526 iurulu,
1139 3463 1167 3513 in
1194 3462 1305 3514 Oceano

203 3533 299 3596 vicino,
309 3534 351 3584 rol
362 3549 377 3584 ι
388 3534 645 3599 Munychiatumulo‚
656 3550 671 3584 a
681 3550 733 3601 quo
772 3541 919 3606 AEthioplco
936 3541 1010 3602 riter,
1027 3539 1164 3590 incoluirm
1180 3538 1306 3591 dicuntur

203 3623 291 3661 murus
307 3608 477 3674 quadraginta
492 3610 633 3662 aradiorum
651 3610 733 3663 Atho·
772 3623 864 3666 contra
880 3615 1056 3680 Hesperidum
1068 3616 1169 3667 hortor.
1203 3615 1306 3667 Contra

203 3698 250 3735 nae
271 3682 363 3735 urbem
391 3699 449 3735 curu
472 3685 559 3736 Pirara
582 3685 733 3753 duohutque
773 3691 1009 3756 Gorgouarhellum
1017 3691 1306 3756 gereimediciturl’er·

203 3761 261 3810 aliir
277 3760 401 3827 portubut
410 3760 546 3825 jungebet.
578 3763 631 3814 Or.
648 3776 680 3813 ιι.
693 3765 732 3813 Μ.
773 3780 840 3827 tenu,
850 3765 959 3818 Deuade
969 3773 998 3817 et
1006 3766 1080 3818 Jovle
1096 3767 1180 3831 filine3
1196 3769 1304 3820 Mercu·

202 3837 426 3903 ‘Munychiosque
450 3838 540 3887 tolano
567 3853 653 3902 ugron,
676 3853 734 3903 gra·
774 3841 993 3907 riiqoetalaribno
1009 3850 1038 3892 et
1054 3844 1305 3910 eute‚Pelledirqne

203 3917 309 3978 tamque
333 3914 461 3964 Minervae
487 3914 667 3979 Derpectahat
687 3916 733 3966 hu·
773 3917 836 3967 itero
856 3925 930 3968 rcuto
951 3917 1035 3968 fretur
1057 3918 1195 3969 Meduaarn
1222 3921 1305 3972 inter·

202 3987 290 4039 mum'
323 3989 472 4054 Munychio,
488 4003 571 4054 orum,
585 3991 656 4042 lecta
677 3991 733 4042 fue·
773 3993 874 4056 emitae,
885 3993 958 4058 cujur
969 4000 1050 4057 eaput
1059 3993 1203 4045 abaciacum
1215 3996 1304 4048 Pulla·

203 4072 264 4116 runt
274 4064 465 4128 Palladiaapud
482 4064 669 4130 Atheniensem
685 4083 732 4119 un·
772 4067 799 4118 di
809 4068 922 4119 donavit.

197 4137 237 4187 tie
255 4138 335 4188 etiam
356 4139 510 4204 Munychloa
530 4141 627 4194 Portus
645 4144 731 4195 dictur
803 4144 991 4202 iilrchmruche,
1005 4146 1117 4210 rapum
1133 4162 1211 4211 genua
1225 4149 1305 4202 heroi·

204 4219 254 4265 ert.
284 4212 380 4264 semus
399 4219 487 4266 auteur
505 4213 597 4270 Poeta
615 4217 657 4270 hic
674 4225 730 4270 eet:
770 4218 818 4283 aa]
835 4217 1011 4288 Ischomache,
1022 4235 1080 4289 qua
1091 4224 1180 4276 etalio
1195 4227 1302 4280 nomiae
