2920 4770
496 305 568 356 rau
591 305 717 356 anuos
741 305 918 364 pronsas.
1207 291 1251 358 48

11 445 13 480 Ι
154 445 334 516 Brundusii
347 451 446 524 osset,
469 446 686 524 inordinati,
700 453 740 513 ut
760 447 871 513 multis
894 448 1030 513 occasio
1051 450 1252 531 praeberetur

153 569 194 616 eo
208 547 452 632 proficiscendi.
475 549 616 614 Videtur
625 569 704 615 vero
719 549 839 614 deinde
854 548 1005 614 Messala
1013 556 1118 614 totam
1134 548 1251 616 Asiam

155 649 335 728 Minorem,
369 650 466 734 eujus
490 651 603 734 potior
624 669 702 735 pars
725 652 768 716 ab
799 649 948 716 Antonio
971 657 1121 730 steterat,
1142 671 1251 716 rerum

155 747 413 816 ordinandamm
426 751 693 835 populorumque
708 751 743 822 in
759 750 959 816 deditionem
980 753 1251 836 accipiendomm

155 868 271 927 eausu,
295 852 509 934 percurrisse,
545 853 651 935 (quod
681 854 782 922 etiam
812 859 909 926 sexta
939 853 1058 934 Elegia
1085 853 1252 936 Propertii

154 948 211 1014 lib.
228 967 251 1014 1.
265 949 320 1014 al.
335 970 410 1034 sqq.
431 948 564 1034 innuit)
575 971 616 1017 ae
630 953 749 1018 deinde
766 970 900 1036 quoque
915 952 1075 1035 Cyzicum
1090 954 1252 1020 accessis·

156 1069 204 1130 se,
217 1051 305 1116 unde
320 1051 524 1132 gladiatores
538 1055 596 1120 isti
614 1055 872 1138 emigraverant3
893 1060 931 1119 ut
945 1055 1030 1119 adeo
1044 1055 1251 1125 manifestum

157 1153 213 1229 sit,
238 1153 325 1216 bane
340 1153 455 1217 urbem
477 1155 510 1218 iu
533 1161 699 1238 potestate
722 1173 764 1220 aa
779 1153 844 1222 fide
863 1152 1000 1220 Antonii
1022 1155 1137 1220 tuisse.
1182 1155 1251 1222 Au.

157 1259 272 1334 gustus
287 1261 378 1319 certe
393 1257 610 1338 sequentibus
632 1257 840 1340 temporibus
860 1257 960 1323 simili
981 1275 1079 1321 eursu
1100 1256 1250 1325 itinerum

156 1373 241 1420 usus
263 1362 326 1431 est,
349 1355 434 1440 (vid.
461 1357 573 1440 Heyn.
596 1355 708 1425 Vitam
733 1353 868 1439 Virgil.)
890 1375 958 1440 quo
980 1362 1126 1440 tempore
1149 1359 1252 1432 etiem

158 1453 336 1538 Cyzicenis
350 1457 539 1524 libertatem
553 1457 696 1525 ademit:
717 1457 809 1542 ,quod
824 1478 902 1522 cum
916 1458 1040 1532 factum
1062 1461 1106 1524 sit
1119 1458 1251 1534 demum

156 1557 200 1622 A.
216 1555 259 1622 U.
276 1559 352 1624 tut.
374 1558 424 1626 Μ.
437 1558 582 1644 Apuleio
604 1565 641 1626 ot
661 1559 702 1625 P.
716 1559 800 1626 Silio
822 1557 937 1624 Nerua
958 1557 1056 1624 Coss.
1074 1560 1253 1644 eademque

157 1657 293 1724 libertas
316 1660 467 1728 restituta
489 1659 610 1726 iisdem
633 1658 675 1727 A.
699 1658 743 1724 U.
765 1659 841 1726 739.
878 1665 967 1724 teste
989 1659 1106 1724 eodem
1132 1661 1252 1740 Dione,

158 1758 254 1824 coss.
276 1759 326 1824 Μ.
342 1761 455 1828 Druso
466 1760 594 1826 Libone
607 1763 641 1826 et
654 1759 693 1824 Ia
710 1759 894 1844 Calpurnio
907 1760 1040 1839 Pisone,
1051 1759 1151 1826 facile
1160 1762 1252 1847 quis·

158 1861 333 1944 quovidet
348 1861 592 1929 Broukbusium
608 1861 733 1931 trustra
748 1861 789 1926 de
808 1881 851 1928 ea
870 1881 907 1926 re
920 1862 1096 1946 cogitasse,
1139 1863 1252 1931 Locus

156 1961 255 2044 igitur
269 1979 294 2026 1.
307 1964 340 2028 6.
356 1963 409 2028 20.
433 1967 442 1996 ‘
457 1963 504 2028 Et
517 1969 628 2027 veteru
642 1962 758 2026 oblitis
768 1963 848 2047 jura
861 1962 946 2028 refer
961 1962 1087 2041 sociis,’
1100 1983 1167 2028 non
1177 1968 1251 2032 ton·

157 2066 228 2132 tum
242 2063 285 2128 ad
307 2063 496 2147 Cyzicenos
511 2065 664 2148 pertinet,
678 2064 739 2130 sed
753 2064 797 2129 ad
811 2084 929 2130 omnes
943 2062 1039 2128 Asiae
1061 2071 1094 2129 et
1108 2063 1252 2133 Graeciae

157 2161 301 2230 sonasse
326 2183 460 2248 quoque
485 2162 643 2249 pupulos,
663 2165 722 2250 qui
746 2165 782 2228 in
802 2165 958 2233 societate
981 2164 1022 2228 Ρ.
1044 2163 1088 2228 R.
1112 2163 1251 2244 luerunt,

157 2265 349 2350 quibusque
372 2265 431 2349 jus
459 2264 654 2330 dicendum¹
674 2271 756 2346 erat,
784 2265 820 2330 id
848 2266 940 2351 quod
969 2267 1066 2348 longo
1094 2271 1251 2350 tempore,

158 2373 295 2451 propter
317 2368 404 2432 bella
427 2367 554 2452 civilia,
575 2367 649 2440 fieri
672 2368 866 2452 impeditum
887 2375 924 2432 et
942 2367 1103 2432 omissum
1127 2367 1252 2435 fuerat:
1362 2369 1365 2376 '

158 2467 245 2532 uude
269 2472 280 2502 ‘
296 2468 412 2534 obliti'
434 2468 594 2534 dicuutur.
636 2469 737 2533 Tullo
751 2489 829 2534 vero
843 2469 909 2533 boc
923 2469 1087 2546 tribuitur,
1101 2468 1181 2552 quia
1194 2487 1251 2543 aa·

158 2569 250 2652 cepti
265 2575 337 2636 erat
347 2571 479 2654 imperii
492 2589 580 2655 pars.
625 2569 718 2638 Idem
733 2569 853 2635 deinde
865 2569 989 2638 'Pullus
1005 2568 1135 2652 Cynici,
1150 2589 1253 2636 amoe·

157 2669 261 2737 nitate
275 2670 343 2738 luci
357 2679 488 2756 eaptus,
504 2692 565 2755 per
580 2673 706 2756 aliquot
720 2691 826 2738 annos
841 2670 1144 2750 haesissevidetu13
1165 2669 1252 2744 aude

159 2769 355 2856 Propertius
368 2774 481 2857 ipsum
498 2773 612 2856 Elegia
622 2773 676 2838 22.
698 2773 754 2838 lib.
771 2787 827 2836 ιιι.
842 2772 974 2849 invitat,
990 2776 1028 2835 ut
1041 2769 1187 2836 Romam
1200 2789 1252 2838 re.

159 2878 315 2952 vertatur,
327 2875 441 2958 ibique
454 2875 594 2941 honores
609 2879 789 2939 consuetos
804 2873 966 2956 consequi
981 2870 1124 2937 studeat.

204 2972 303 3041 cirea
315 2975 379 3040 hoe
404 2982 534 3058 tempus
550 2975 742 3058 Propertius
762 2973 909 3039 nondum
923 2973 1108 3037 innotuerat
1127 2971 1252 3036 Maeoe-

159 3076 241 3152 uati,
256 3076 380 3160 quippo
395 3076 495 3140 Tullo
509 3083 648 3160 patrono
669 3093 754 3140 rmus
776 3073 890 3152 unice;
911 3071 998 3138 unde
1017 3071 1112 3140 uulla
1127 3071 1253 3139 Maeee·

159 3175 246 3249 uatis
259 3181 331 3246 toto
345 3175 405 3244 lib.
422 3193 446 3240 r.
461 3176 594 3256 mentio,
608 3191 716 3264 neque
730 3173 832 3239 etium
843 3172 998 3254 Augusti.

489 3405 693 3462 ,suedas
725 3403 909 3468 Propertius.

521 3485 654 3546 CrurarV.
685 3485 747 3538 Sex.
761 3484 894 3549 Apuleius.

201 3597 285 3663 ‘lies
314 3597 461 3664 Caesaris
481 3599 657 3680 triumphi:
680 3599 846 3683 Illyrious,
868 3596 1043 3676 Actiacum,
1066 3598 1253 3682 AEgyptius.

162 3699 203 3764 ln
216 3700 306 3764 buno
321 3718 446 3764 anuum
459 3697 571 3762 reterri
586 3697 686 3763 debet
700 3700 837 3783 scriptio
852 3699 944 3782 Eleg.
961 3701 993 3764 3.
1008 3701 1065 3766 lib.
1081 3716 1136 3764 ιιι.
1153 3717 1254 3782 prop·-

160 3811 213 3867 ter
226 3819 277 3866 vs.
292 3799 434 3864 43-46,
456 3801 504 3882 [et
526 3798 578 3862 El.
604 3815 643 3864 11.
669 3800 721 3864 lt.
736 3802 813 3866 coll.
842 3821 893 3868 vs.
916 3799 986 3882 44]
1027 3800 1124 3869 conf.
1141 3799 1253 3884 Heyn.

161 3901 246 3969 Obs.
268 3900 312 3966 ad
332 3899 426 3983 virg.
442 3900 519 3968 AEu.
537 3915 616 3965 rur.
631 3901 704 3969 ⁷26.
