2914 4764
242 281 307 348 teo
572 295 607 365 s,
626 293 785 344 euentu
810 294 1008 344 rnornnru

243 441 316 506 iliis
331 444 365 504 et
378 439 503 515 silices,
518 443 552 504 et
565 445 706 522 possunt
719 439 839 503 cedere
853 459 1008 522 quercus,

286 541 424 605 Nedum
439 546 475 604 tu
490 541 613 624 poesie,
628 540 766 623 spiritus
781 542 843 606 isle
857 541 955 605 levis.

243 641 367 721 Quare,
382 643 411 704 si
425 641 537 723 pudor
547 646 609 718 est,
625 659 723 723 qnam
741 642 884 723 primunr
900 648 1009 706 errata
1022 641 1136 704 fatere.

285 743 407 806 Dicere
422 761 488 825 qno
504 759 632 824 pereas,
647 761 741 825 saepe
756 742 791 805 in
807 760 920 806 amore
936 741 1035 806 levat.

244 907 347 965 mollirir
363 910 455 955 inuitur
466 887 540 966 obet,
550 910 576 954 at
588 910 615 953 tu
626 903 703 954 mollia
713 905 780 953 homo
795 906 873 969 poetic
886 920 932 955 eon
943 905 1047 955 cedere.
1081 904 1173 968 itnpne,
1188 907 1348 958 &tantillam

242 971 459 1046 pedetumnfitere
478 971 558 1034 clipea
577 976 650 1030 tnar;
672 972 767 1033 prodeat
789 969 929 1033 frequenter
949 971 976 1018 ie
997 983 1075 1018 more
1093 972 1215 1020 decinrnre
1235 973 1271 1036 id,
1296 989 1347 1038 pto

241 1049 358 1084 monum.

696 1111 877 1132 W

238 1197 299 1246 ieet.
317 1193 423 1259 propria
438 1195 472 1243 eit
487 1193 614 1245 habende.
643 1195 722 1245 Vanae
732 1201 778 1244 ott.
797 1195 894 1246 Gnarn.
912 1195 962 1246 leri
979 1195 1091 1246 ebemr.
1107 1207 1123 1243 a
1138 1194 1227 1244 mnne!
1244 1196 1342 1246 Berth.

238 1261 282 1324 qni
294 1267 321 1308 et
333 1260 389 1323 ipse
401 1259 557 1308 Palmerinm
568 1259 683 1309 damnat.
699 1259 835 1324 ‘Scaliger
852 1262 878 1309 in
894 1275 934 1325 pr.
953 1260 996 1310 ed.
1015 1258 1117 1323 legend.
1128 1260 1279 1322 conjecerat
1291 1261 1343 1310 Cei

236 1339 284 1374 noe
293 1329 349 1372 uate
356 1328 432 1387 pelet,
442 1325 513 1373 donec
521 1339 603 1372 morer
610 1324 704 1386 attigit,
712 1323 771 1387 offo.
796 1324 849 1374 Sed
860 1326 916 1375 itere
927 1325 1019 1375 merito
1031 1322 1142 1387 explosit
1154 1323 1319 1373 Paeteretina
1330 1341 1340 1383 ;

237 1398 266 1438 et
278 1395 351 1438 certe
362 1389 450 1437 mirari
467 1388 538 1449 iicet,
551 1393 650 1437 tantum
667 1387 749 1436 uirum
765 1389 831 1437 ltnnc
842 1395 955 1438 mentem
968 1387 1057 1437 Polite
1070 1387 1132 1436 dare
1144 1387 1269 1449 potuitne.
1303 1389 1339 1438 In

237 1453 307 1502 curie
320 1467 381 1502 vero
392 1451 520 1513 recondit,
530 1465 593 1514 quaa
604 1465 654 1500 non
667 1451 761 1502 vidiore
775 1453 950 1502 Pneeeretium
966 1453 1067 1515 opinor,
1078 1451 1180 1515 rejecta
1192 1451 1243 1500 irtn
1253 1452 1338 1502 hario-

235 1516 343 1578 iatione,
355 1517 455 1566 itaitaec
466 1515 672 1579 interpretatore
692 1514 771 1563 Amor
782 1529 834 1565 non
853 1523 915 1566 onte
933 1523 1015 1579 patet,
1031 1529 1116 1580 qoam,
1133 1516 1261 1566 emaciato
1278 1531 1337 1566 eor·

229 1579 308 1694 pore,
318 1595 377 1632 osea
388 1587 473 1630 cutem
484 1580 565 1643 ipsam
578 1593 652 1642 pene
663 1578 831 1642 pertundunt,
843 1588 871 1629 ut
882 1580 939 1643 ipae
950 1593 1024 1628 maun
1037 1581 1107 1642 tangi
1119 1581 1227 1640 possint.
1256 1580 1335 1630 Hanc

255 1646 359 1708 coligeri
371 1643 558 1707 expositionem
576 1643 692 1706 requitur
707 1650 735 1691 et
746 1644 855 1706 amplius
864 1645 978 1693 illustrat
988 1643 1152 1704 Gebhardur,
1161 1643 1262 1706 reiecto
1273 1645 1336 1694 Pne-

235 1711 323 1759 eeretii
332 1709 514 1772 explicatione.
540 1706 571 1755 1n
584 1706 711 1755 nonnuliis
724 1721 816 1771 nempe
831 1706 908 1757 codd.
920 1709 945 1757 ie
965 1706 1055 1756 ebatur
1065 1709 1136 1756 donee
1146 1708 1217 1769 eatis,
1227 1715 1257 1757 nt
1269 1709 1335 1761 Ere.

235 1773 309 1822 Mod.
319 1770 444 1836 inquibus
454 1771 531 1820 etiarn
542 1771 642 1831 alliget,
653 1776 682 1819 nt
693 1771 720 1818 in
731 1771 805 1820 Leid.
817 1775 840 1820 l.
852 1778 880 1820 et
892 1787 924 1821 ex
935 1723 979 1820 itin
990 1771 1051 1820 entia
1061 1771 1172 1820 lectione
1183 1778 1273 1821 natum
1284 1780 1333 1833 ert,

254 1836 302 1884 nod
324 1837 351 1884 ln
365 1836 423 1883 aliie
439 1833 559 1894 liabetur,
577 1839 652 1883 anto.
685 1834 715 1883 io
732 1841 795 1884 cett.
813 1849 880 1883 omn.
896 1843 923 1884 et
939 1835 1050 1896 antiquie
1070 1833 1128 1884 edd.
1153 1837 1226 1884 donec
1241 1851 1333 1884 arnum.

234 1853 327 1949 ileum
340 1905 485 1947 tentaverat
496 1899 567 1946 donec
578 1899 664 1958 medie,
675 1900 715 1946 vei
725 1899 807 1960 lecito,
819 1906 864 1947 eut
877 1914 976 1948 motu.
995 1899 1130 1948 Ruhnken.
1143 1899 1267 1948 censebat
1277 1901 1334 1948 nlti-

148 1957 151 1973 '
231 1963 272 2024 git
282 1963 323 2011 iric
335 1961 386 2012 dici
395 1976 427 2011 ex
439 1961 584 2011 imitatione
595 1961 681 2010 Grec.
693 1960 806 2026 ἅψασθαι
828 1963 860 2011 de
878 1979 928 2027 quo
941 1963 991 2012 vid.
1004 1963 1121 2025 Bergier.
1134 1961 1167 2010 ad
1179 1961 1332 2026 Alciplrron.

254 2062 259 2076 .
273 2031 328 2077 187.
362 2025 422 2088 Sed,
432 2026 492 2090 quia
503 2031 655 2075 constanter
665 2025 691 2074 in
707 2028 771 2076 Mae.
784 2035 811 2076 et
821 2026 879 2076 edd.
892 2042 930 2091 pr.
947 2041 1029 2076 runnu
1040 2027 1144 2090 legitur,
1156 2026 1245 2090 placet
1256 2027 1332 2078 valde

265 2091 316 2140 odii
327 2091 453 2140 divinatio
464 2091 548 2148 molar,
564 2089 580 2138 i.
590 2103 614 2138 e.
638 2090 750 2154 Cupido,
766 2091 810 2154 qui
826 2091 919 2152 partim
931 2105 973 2154 ep.
984 2091 1075 2153 politae
1085 2095 1093 2117 ‘
1105 2091 1187 2138 meins
1196 2091 1240 2140 lile
1252 2090 1336 2153 puer'

233 2154 336 2205 dieitur.
366 2155 436 2204 Hinc
452 2153 554 2216 legend.
571 2154 661 2216 opinor
670 2155 740 2203 donec
751 2157 825 2204 muna
834 2157 919 2204 atterit
929 2155 997 2204 om!
1014 2155 1101 2204 Burro.
1124 2152 1230 2205 Jacobs.
1241 2155 1268 2204 io
1280 2156 1332 2220 Ep.

233 2219 266 2267 ad
279 2218 336 2267 Aut.
350 2234 375 2281 p.
388 2231 447 2268 xxi.
460 2220 509 2280 leg.
520 2225 610 2266 cenret
626 2219 697 2267 donec
709 2219 816 2278 jocatum
833 2219 933 2280 attigit:
950 2217 1018 2282 quod
1031 2217 1114 2266 mollin
1125 2217 1253 2267 Veterum
1265 2219 1332 2269 iocie

124 2334 129 2346 ⁸
231 2281 423 2332 defendit-³⁰
439 2282 447 2308 ‘
461 2281 618 2330 Passeratius
626 2281 714 2330 maliet
724 2299 737 2330 o
743 2283 804 2344 suge
815 2283 855 2346 [et
864 2284 901 2332 ric
909 2283 987 2345 Vnip.
999 2289 1026 2330 et
1037 2282 1113 2331 Giitt.
1124 2280 1222 2345 editor]
1233 2300 1241 2332 r
1252 2281 1333 2348 idque

232 2345 328 2396 Tibulli
341 2360 370 2395 ec
381 2346 495 2394 Maronis
507 2345 664 2394 auctoritate
673 2344 774 2396 firmat:
793 2361 843 2395 non
856 2348 930 2396 mole.
954 2345 1005 2396 Sed
1018 2347 1042 2395 ln
1051 2346 1080 2395 C.
1091 2345 1163 2394 Corn.
1174 2353 1232 2395 erat
1241 2345 1333 2412 effuge,

232 2409 301 2473 quod
322 2424 410 2458 verum
426 2409 505 2473 puto’
522 2409 632 2458 Bronten.
650 2416 677 2458 et
696 2409 722 2457 id
741 2408 823 2458 edidit
844 2411 932 2460 Burm.
943 2412 952 2440 ‘
965 2408 1214 2472 Quiepeiaetlireed.
1227 2411 1333 2463 vitione.

230 2473 328 2534 Ansuge
340 2474 405 2524 Bon.
417 2473 510 2524 Dread.
522 2473 615 2522 Venet.
626 2473 699 2522 Brix.
713 2472 790 2523 Aidd.
803 2481 867 2524 cett.
879 2475 955 2524 etiam
968 2473 1132 2531 recentiores,
1143 2471 1232 2522 θην.
1244 2475 1332 2526 Lond.

232 2537 304 2586 Leid.
316 2538 430 2588 ilrouklr.
444 2545 528 2588 tamen
539 2537 654 2586 ostendit
666 2536 790 2601 aufugere
805 2539 900 2602 aliquid
917 2552 967 2588 non
978 2537 1027 2587 dici
1039 2537 1147 2586 lactine?
1175 2537 1267 2588 Beni.
1285 2540 1333 2604 qui

232 2601 315 2651 edidit
326 2601 413 2662 osope.
429 2601 488 2662 Anf.
508 2600 614 2650 damnet
629 2608 658 2651 et
670 2603 758 2650 Burm.
784 2603 921 2653 Quomodo
936 2602 1032 2666 iegitur
1047 2607 1073 2649 et
1089 2601 1116 2648 io
1134 2598 1224 2648 Lcidd.
1242 2601 1331 2652 tribue

230 2665 304 2714 Voce.
325 2667 422 2716 Dorvv.
441 2665 641 2728 Burmanniano,
660 2666 735 2714 Borr.
755 2665 882 2728 Groning.
900 2665 963 2716 Art.
979 2664 1133 2728 ceterisque,
1150 2670 1178 2712 et
1191 2663 1330 2729 antiquina.

230 2727 290 2778 edd.
307 2730 431 2790 Henfege
441 2731 534 2779 Mariti.
551 2730 701 2792 Preptaeet
711 2729 833 2779 Kuinoeii
841 2738 870 2779 et
879 2727 1126 2780 LachmannoBoitii
1138 2727 1290 2778 emendatio
1302 2730 1330 2779 in

229 2793 299 2856 Syir.
311 2795 375 2842 Crit.
386 2809 412 2854 p.
423 2798 464 2842 to.
474 2792 640 2854 Μόνον-11
659 2793 805 2856 ‘Groniup
817 2800 840 2843 et
851 2795 928 2844 silicea
942 2799 1038 2856 porrum
1055 2797 1078 2840 et
1093 2793 1143 2840 ced.
1172 2791 1232 2840 Non
1250 2795 1330 2845 mule.

230 2857 277 2919 [Et
286 2857 323 2904 cic
335 2865 423 2906 censet
432 2857 520 2906 Bertir.
529 2862 556 2905 et
565 2855 648 2905 edidit
658 2856 776 2919 Lachm]
787 2857 879 2908 Heius.
891 2859 995 2920 legebat
1003 2857 1105 2920 puniet:
1117 2859 1208 2905 recte!
1216 2857 1329 2907 Bronitir.

231 2921 273 2982 qui
285 2927 371 2972 temen
384 2921 410 2968 id
421 2933 469 2968 uon
479 2920 582 2984 recipit.
598 2923 606 2948 ⁸
618 2920 717 2970 Scilicet
727 2921 836 2970 Mentei.
855 2923 942 2971 Cilices
953 2921 1025 2970 Leid.
1037 2924 1060 2969 l.
1078 2920 1169 2968 Solicea
1180 2919 1256 2970 Voss.
1267 2924 1290 2970 l.
1301 2927 1327 2972 2.

229 2991 256 3033 et
269 2997 341 3032 meru
351 2988 376 3032 2.
395 2985 428 3034 Et
437 2984 528 3046 partiat
540 2983 641 3046 legend.
653 2999 710 3033 cum
723 2985 842 3048 Heinrio,
853 2987 920 3050 quod
933 2985 1018 3034 firmet
1029 2984 1112 3096 Neep.
1125 2983 1204 3048 idque
1216 2991 1327 3047 propter

227 3061 346 3111 aequent,
356 3049 364 3074 ‘
376 3047 476 3096 Nedum
488 3047 632 3110 tnposeirr'
648 3048 692 3097 ubi
708 3049 815 3098 Necdum
832 3050 898 3098 maie
916 3049 942 3096 in
956 3049 1030 3096 teriia
1050 3061 1081 3096 co
1100 3047 1127 3096 d.
1151 3049 1215 3096 Mox
1227 3049 1327 3111 epiritar

226 3113 276 3173 ipae
289 3118 395 3175 prestat
405 3127 437 3159 ex
449 3114 524 3161 Voce.
543 3113 673 3162 1.t.Vat.
688 3117 710 3162 1.
722 3116 746 3162 1.
759 3119 787 3162 et
798 3113 883 3162 Colot-
899 3119 926 3160 el
945 3113 981 3162 eie
1002 3113 1073 3160 Frnt.
1098 3111 1192 3160 Nedum
1207 3115 1233 3160 ttr

225 3177 326 3236 spiritns
337 3191 385 3225 erre
395 3177 453 3225 lecit
463 3176 545 3225 Dore.
556 3179 582 3224 2.
599 3175 688 3224 Iunuit
699 3176 797 3226 Polite:
809 3177 900 3226 stilces
909 3183 936 3225 et
946 3189 1054 3240 quercus
1066 3174 1198 3224 blanditiis
1208 3188 1239 3223 ce
1260 3185 1307 3226 unt
1318 3193 1326 3238 ;

227 3241 421 3299 tantunrabeet,
438 3247 467 3288 ut
484 3247 512 3289 tu
524 3239 573 3287 illie
590 3253 639 3300 per
654 3253 710 3288 eoae
728 3240 825 3302 portior
843 3247 873 3289 ut
884 3254 985 3290 aeneum
996 3239 1046 3288 loci
1056 3245 1127 3287 recte
1139 3237 1326 3301 exponitDra·

226 3303 305 3352 kanb.
317 3304 349 3351 ad
362 3305 416 3352 Lir.
427 3316 454 3352 x.
465 3306 506 3352 31.
515 3306 546 3351 t:
559 3303 710 3352 norm-et
728 3305 765 3353 Ni
779 3302 887 3367 prefert
905 3303 963 3353 Art.
984 3301 1128 3352 Subscribit
1147 3301 1326 3354 Brouklrueiue

226 3366 322 3414 Docere
334 3366 364 3416 F.
380 3368 406 3416 ni
416 3368 490 3428 pudor
499 3365 644 3429 reponenti.
661 3367 669 3394 ‘
682 3367 717 3415 Ni
729 3367 820 3417 Helue.
832 3369 866 3417 N.
879 3367 958 3431 Prop.
969 3369 1014 3431 qni
1024 3366 1097 3415 addit
1108 3379 1185 3414 nnutn
1198 3373 1251 3416 ret.
1264 3367 1324 3418 cod.

226 3429 264 3477 aie
283 3429 392 3478 habere:
411 3431 493 3477 minor
510 3429 654 3492 eleganter,
670 3429 809 3492 languente
829 3437 940 3481 tentent.
957 3429 998 3492 [ut
1010 3437 1082 3480 reete
1093 3432 1192 3478 monuit
1202 3431 1326 3494 Vulpine‚

225 3493 263 3540 ait
275 3491 368 3555 Koin.]
386 3493 470 3542 fateri
480 3493 545 3542 Bon.
563 3493 656 3541 Venat.
669 3498 740 3542 tooo.
749 3493 831 3544 Brix.’
847 3495 934 3544 Bortlt.
957 3499 965 3522 ⁸
979 3494 1014 3542 Ni
1025 3495 1109 3544 Colot.
1126 3493 1155 3542 Si
1166 3492 1258 3544 Leidd.
1269 3501 1324 3544 trae

225 3556 300 3606 Voss.
309 3555 406 3604 Dorrr.
416 3563 443 3604 et
455 3569 534 3604 mene.
557 3554 744 3607 iniurato.
765 3559 808 3607 ‘Si
818 3557 900 3621 pudor
911 3565 961 3620 est,
971 3559 1022 3606 elio
1034 3558 1123 3621 trajice
1132 3558 1186 3606 teia
1197 3565 1242 3608 tua
1251 3557 1269 3606 ε’
1279 3558 1324 3608 obi

224 3622 304 3669 etiem
317 3619 408 3681 corrigi
421 3627 507 3681 posset
520 3619 563 3668 Ni.
587 3617 707 3672 Alterum
722 3629 808 3670 tamen
826 3621 930 3686 prefert
947 3621 1042 3671 Merki.
1068 3621 1153 3671 Fnteri
1163 3635 1203 3685 pr.
1215 3621 1277 3671 edd.
1295 3630 1324 3672 et

226 3683 300 3733 Ast!
317 3684 403 3733 Bon.
432 3682 521 3731 Edidit
533 3683 637 3732 Lnehm.
656 3685 736 3740 Qum
754 3689 777 3734 et
792 3685 814 3733 ei
831 3689 908 3748 pudor
918 3690 962 3748 ert,
980 3686 1164 3747 quamprimum
1178 3699 1226 3734 err.
1233 3685 1322 3742 sotere.

222 3751 288 3797 -tlt
306 3747 401 3796 ‘Lerni
420 3747 517 3809 legitor
534 3745 559 3795 ln
582 3760 649 3796 omn.
667 3721 773 3797 nterniir.
791 3762 848 3797 nam
859 3749 1019 3812 praequm
1038 3762 1105 3798 nunc
1122 3748 1220 3798 nobem
1235 3750 1322 3812 rulgg.

223 3813 335 3876 primum
354 3811 499 3874 comperuit
518 3810 543 3862 in
560 3811 622 3862 Ber.
635 3811 689 3860 eive
705 3811 785 3874 ipeiue
803 3811 830 3860 id
847 3819 1018 3862 commentum
1030 3820 1096 3875 erat,
1113 3811 1166 3860 rire
1182 3827 1321 3878 operarum

717 3954 823 4006 NOTAE

253 4068 285 4113 tt
310 4064 398 4115 Dicere
418 4081 463 4129 pero
481 4065 574 4130 wem]
617 4065 747 4119 Admonet
787 4081 825 4128 ee,
844 4081 920 4131 ponae
939 4068 966 4117 in
985 4067 1061 4118 amici
1081 4067 1166 4118 einum
1182 4067 1320 4121 effundere

221 4151 313 4202 niagno
324 4153 394 4205 cepe
403 4141 548 4192 lenimento
559 4142 700 4207 eointloqoe
709 4155 748 4192 er·
787 4140 1092 4208 doloremsummum,
1106 4150 1135 4194 et
1147 4157 1255 4198 morer.
