2920 4770
224 341 268 405 lo
668 357 874 408 rnnrnrro.

226 493 406 583 abruperit.
450 500 563 579 Quam
578 508 702 566 sortem
718 502 904 588 Propertio,
927 500 1170 567 facundissimo
1192 496 1314 582 politae,

226 602 399 684 obtigisse,
414 621 456 667 eo
470 603 579 685 magis
594 604 756 681 dolemus,
781 605 870 688 qu'od
885 625 984 688 opus,
1009 605 1062 668 cui
1086 609 1134 667 tot
1156 619 1315 664 annornm

225 704 357 768 labores
372 703 583 768 Burmannus
598 706 815 788 impenderat,
837 707 976 771 dimidia
991 706 1045 769 sui
1059 711 1154 787 parte
1170 701 1242 786 jam
1264 709 1317 786 ty*

226 805 282 888 pis
297 803 515 888 descriptum,
545 806 589 871 ad
605 808 703 872 linem
717 809 930 891 properabat,
959 814 992 871 et
1009 807 1139 889 justam
1154 805 1187 868 ci
1200 805 1316 870 docto-

226 925 299 970 rum
313 909 461 971 omnium
477 909 728 989 gratulationem
755 909 952 992 spondebat.
997 907 1019 971 J
1022 927 1074 970 am
1097 906 1162 970 etsi
1177 906 1316 969 aliorum

119 1009 123 1016 '
204 1049 207 1056 .
227 1008 449 1090 complurium
461 1009 637 1073 editionem
651 1010 764 1075 animo
787 1011 949 1092 agitabat,
976 1027 1068 1092 saepe
1090 1015 1202 1071 tamen
1224 1006 1318 1085 milri,

228 1109 325 1190 quasi
341 1109 515 1173 instantem
532 1119 669 1175 mortem
684 1113 901 1193 praesagiens,
928 1109 1142 1192 significavit,
1164 1107 1246 1171 satis
1259 1106 1318 1171 diu

226 1209 356 1274 vixisse
372 1230 449 1274 sese
464 1212 746 1290 existimaturum,
769 1213 799 1276 si
823 1211 938 1276 Umbri
966 1210 1052 1276 vetis
1081 1209 1318 1273 commentario

228 1310 385 1376 absoluto
399 1313 551 1377 vixisset.
595 1313 717 1396 Itaque
739 1313 803 1377 bac
827 1313 870 1376 de
895 1333 930 1378 re
955 1312 1120 1376 interdum
1135 1309 1319 1392 desperans

228 1410 451 1490 Burmannus,
466 1431 525 1496 pro
540 1433 592 1489 eo,
607 1433 673 1496 qno
686 1433 740 1485 me
755 1414 1046 1498 complectebatur,
1068 1431 1191 1488 amore,
1206 1428 1260 1474 me
1275 1412 1321 1473 si-

226 1513 275 1589 bi,
290 1512 416 1596 siquid
432 1513 624 1592 accidisset,
652 1514 715 1580 boc
739 1516 774 1579 in
797 1535 898 1599 opere
921 1532 1152 1579 successorem
1166 1511 1320 1593 designa·

117 1609 120 1616 ’
229 1613 295 1678 bat.
340 1614 393 1678 De
407 1633 475 1698 quo
491 1634 568 1679 cum
584 1615 669 1679 satis
685 1617 852 1681 constaret
873 1615 1092 1680 nobilissimis
1116 1613 1234 1698 optimi
1256 1611 1320 1676 viri

229 1716 440 1800 propinquis,
457 1724 536 1802 post
551 1725 689 1781 mortem
704 1718 814 1782 mariti
828 1719 1001 1800 patrisque
1017 1715 1061 1779 ad
1077 1735 1139 1792 me,
1155 1734 1220 1778 non
1235 1713 1322 1778 inri-

229 1823 267 1880 to
282 1817 428 1895 librario,
442 1819 554 1901 operis
566 1819 757 1896 redemtore,
779 1820 899 1885 librum
920 1817 1100 1883 curandum
1123 1814 1322 1881 detulerunt.

230 1915 303 1998 Ego
318 1936 399 1982 vero
414 1917 493 1982 mibi
508 1919 783 2000 gloriosissimum
804 1921 874 1984 fore
897 1920 1027 2004 putavi,
1050 1926 1085 1982 et
1106 1917 1321 1981 amicissimis

232 2013 392 2082 Manibus
403 2019 602 2102 jucundum,
625 2021 710 2084 tanti
732 2020 882 2102 magistri
904 2039 989 2104 opus
1013 2020 1055 2082 ad
1079 2018 1177 2082 linem
1199 2015 1322 2099 perdu-

232 2135 320 2195 cere,
335 2127 371 2183 et
384 2138 499 2184 omnes
515 2140 612 2185 curas
626 2141 667 2185 eo
681 2122 840 2198 conferre,
854 2127 903 2199 ut,
926 2129 1086 2203 qnantum
1102 2120 1135 2182 in
1150 2138 1204 2182 me
1218 2125 1321 2194 esset,

228 2217 413 2284 Burmanni
428 2223 561 2286 nomine
576 2223 711 2306 dignum
736 2223 772 2286 in
795 2224 904 2287 lucem
927 2222 1046 2287 exiret.
1091 2220 1146 2298 Et,
1169 2219 1323 2304 quamvis

230 2317 391 2401 imparem
405 2341 459 2386 me
476 2342 707 2388 successorem
722 2343 808 2402 esse,
823 2325 925 2408 probe
938 2342 1093 2402 nossem3
1107 2329 1231 2398 tamen,
1246 2339 1322 2386 cnm

232 2419 444 2486 Burmannus
459 2429 564 2510 totum
579 2424 648 2489 fere
670 2425 954 2502 commentarium,
979 2425 1013 2487 in
1029 2423 1159 2488 schedis
1173 2422 1323 2505 descrip-

231 2524 313 2612 tum,
327 2523 526 2607 reliquisset,
540 2547 605 2591 non
620 2535 691 2592 tam
704 2526 901 2602 doctrinam,
917 2543 1017 2611 qnam
1033 2531 1195 2588 attentam
1210 2541 1324 2588 curam

231 2623 368 2704 requiri,
377 2623 544 2707 judicavi.
589 2627 710 2714 Itaque
727 2630 800 2712 ejus
824 2626 1072 2710 autographum
1087 2633 1224 2689 secutus
1238 2643 1323 2702 sum,

231 2726 390 2789 omittens
405 2727 577 2807 interdum,
598 2731 688 2814 quod
703 2733 812 2814 ipsum
836 2729 1072 2804 Burmannum,
1101 2726 1131 2789 si
1144 2732 1324 2790 retractare

233 2841 292 2904 per
306 2824 377 2890 lata
400 2829 562 2906 licuisset,
584 2833 783 2897 omissurum
809 2830 914 2896 luisse
940 2828 1157 2904 confidebam,
1180 2827 1223 2892 do
1246 2845 1323 2891 meo

233 2921 314 2988 nihil
328 2924 397 2989 fere
411 2927 610 2996 immiscens.
656 2931 736 2996 Hoc
752 2938 864 2996 tamen
881 2931 1022 3012 intelligi
1035 2928 1139 2992 nolim
1154 2929 1196 2992 de
1208 2928 1326 2992 ultima

234 3023 402 3110 Propertii
417 3027 545 3112 Elegia,
561 3033 632 3095 sive
646 3032 688 3097 de
702 3033 806 3098 nobili
830 3033 888 3097 illo
917 3036 949 3095 et
977 3030 1117 3094 multum
1143 3048 1164 3093 a
1190 3028 1325 3094 Grilicis

233 3134 357 3193 vexato
372 3127 535 3195 Comeliae
560 3131 733 3216 Epicedio.
778 3134 831 3212 Id,
853 3133 1011 3217 qnoniam
1032 3132 1244 3196 Burmannus
1266 3132 1327 3196 vix

163 3225 170 3250 l
235 3225 314 3292 dum
329 3229 554 3309 inchoaverat,
570 3253 631 3316 ego
646 3237 725 3300 mibi
740 3241 848 3300 totum
863 3232 1071 3298 tractandum
1082 3231 1326 3297 illustrandum·

235 3331 652 3417 quesumsi3inqnoquam
662 3333 1326 3418 minimumpotuiaBnrmannianocom÷

234 3431 404 3494 mentandi
420 3453 536 3514 genere
552 3435 703 3502 discessi.
726 3436 899 3502 Addendis
915 3435 1015 3500 etiam
1031 3434 1202 3513 nonnulla,
1218 3454 1328 3502 emea

235 3549 324 3614 penu
340 3533 526 3615 depromta,
541 3537 718 3604 inserenda
734 3539 860 3602 censui.
1118 3537 1124 3550 '

282 3629 455 3698 Hactenus
471 3635 700 3704 deBurmanni
714 3642 749 3705 in
765 3639 973 3724 Propertium
987 3637 1231 3702 commentario.
1258 3639 1327 3704 Sed

235 3750 386 3814 magnum
403 3743 603 3800 momentum
618 3739 653 3801 in
668 3759 708 3802 eo
723 3747 785 3818 est,
811 3747 851 3804 ut
865 3740 970 3804 lector
984 3740 1154 3815 doccatur,
1180 3741 1237 3823 qui
1261 3741 1329 3804 sint

236 3832 331 3924 codd.
347 3835 461 3916 scripti
477 3841 508 3898 ct
521 3856 588 3920 qua
603 3839 810 3916 auctoritate,
821 3839 863 3903 ad
879 3858 1018 3923 quorum
1033 3837 1133 3903 fidem
1148 3859 1207 3923 per
1221 3845 1329 3906 totum

236 3951 324 4016 opus
338 3942 500 4015 provocat
513 3937 736 4002 Burmannus
781 3939 862 4022 lpse
887 3939 929 4002 de
953 3937 1006 4000 his
1031 3939 1111 4002 nibil
1134 3959 1271 4022 prorsus
1293 3943 1328 4006 in
1430 4021 1438 4038 ·

238 4032 371 4096 schedis
386 4041 559 4101 notaverat
574 4046 693 4120 praeter
706 4058 760 4116 ca,
775 4058 851 4122 quoe
860 4038 914 4102 hic
930 4038 1145 4120 subjungam:

281 4131 478 4202 ‘Leidensis
494 4137 632 4220 primus,
647 4137 754 4204 forma
767 4143 894 4232 quarta,
910 4137 1193 4222 membranaceus,
1208 4142 1244 4212 in
1258 4139 1329 4232 Ap·
