2920 4770
576 319 781 368 ranrsrrc.
1177 307 1220 370 15

121 456 256 522 trissind
272 457 439 543 principis
451 456 596 536 Altierii,
616 467 652 526 et
666 462 837 526 custodem
852 463 1062 530 bibliothecae
1079 463 1219 530 Vatica-

122 575 185 634 na,
199 558 345 642 ejusque
359 560 453 637 mihi,
470 560 585 626 multis
606 563 795 627 nominibus
818 563 1009 646 oplandum,
1024 565 1220 630 benevolen-

123 659 199 722 tiam
215 663 422 726 conciliavit.
455 663 524 741 Qui
538 666 587 728 vir
601 665 820 742 clarissimnS,
835 671 874 731 ut
888 667 954 730 alia
968 665 1044 749 ejus
1058 667 1219 732 adversus

124 779 174 823 rue
189 761 305 826 officia
320 771 531 845 praetcream,
554 765 804 830 accuratissime
824 768 858 831 in
880 787 974 832 mens
995 787 1075 832 usus
1096 768 1220 834 descri-

125 861 249 925 bendas
273 866 408 928 curavit
431 864 603 930 Francisci
626 865 743 931 Puccii
765 868 1007 932 emendationes
1027 869 1061 932 in
1076 868 1220 953 Proper-

125 962 201 1026 tium
217 983 349 1041 omues,
365 986 441 1048 quae
458 973 536 1030 unte
559 965 678 1030 Rornae
700 966 790 1050 apud
811 966 982 1034 Victorius
995 971 1169 1050 extabant,
1185 979 1220 1036 et

125 1061 173 1126 his
187 1065 275 1147 ipsis
291 1066 411 1128 diebus
434 1067 567 1149 publice
589 1067 862 1133 distrahebantur.
902 1070 976 1146 ,Hs
990 1072 1143 1155 quamvis
1158 1091 1219 1138 nn·

126 1184 212 1229 merc
235 1166 378 1232 infinitae
399 1175 434 1232 et
461 1187 520 1251 pro
547 1175 733 1251 temporum
756 1171 885 1235 ratione
908 1173 1054 1236 cmniuln
1077 1171 1219 1238 admira-

126 1267 215 1331 tione
230 1266 437 1348 dignissimae
454 1269 531 1345 sint,
547 1276 624 1351 post
636 1274 761 1334 tannim
779 1276 889 1335 tamen
904 1272 1099 1336 saeculorum
1122 1273 1220 1338 inter·

125 1367 263 1445 rollum,
287 1375 479 1451 tantamque
507 1388 529 1432 a
551 1369 762 1451 principibus
789 1371 1013 1436 literatoribus
1043 1374 1220 1457 Propertio

126 1471 313 1552 impensam
329 1491 477 1554 operam,-
496 1471 539 1535 ed
562 1472 675 1554 ipsum
697 1470 813 1536 Poeta
837 1480 968 1538 textum
981 1475 1105 1552 minus,
1121 1493 1221 1557 qnam

126 1571 256 1649 medas,
280 1573 508 1654 contulcmnt;
530 1574 658 1658 quippe
679 1574 839 1658 pleraque
862 1574 905 1640 ab
935 1577 1024 1653 aliis,
1051 1574 1221 1658 Scaligerc

126 1672 282 1757 inprimis
297 1682 334 1738 et
348 1673 504 1752 Heinsio,
518 1675 573 1738 vel
599 1672 762 1740 Codicum
784 1678 932 1754 nomine,
946 1677 999 1741 rel
1018 1678 1221 1766 conjectura·

126 1793 207 1852 rum,
222 1776 260 1838 in
275 1776 508 1840 commentario
517 1776 700 1840 Burmanni
708 1783 874 1861 occupata
887 1779 1103 1862 reperiuntur.
1127 1777 1220 1855 Quid

126 1877 233 1958 igitur,
247 1877 396 1960 inquies,
410 1877 484 1940 haec
504 1877 591 1942 scire
606 1877 764 1942 interest?
787 1877 865 1943 Non
876 1878 1022 1944 omnium
1036 1880 1221 1962 permagni,

125 1977 239 2042 btenr.
285 1979 424 2063 Semper
449 1980 538 2043 enim
559 1978 634 2042 haec
658 1995 741 2042 cura
757 1978 802 2044 ad
816 1998 946 2064 paucos
969 1979 1118 2061 pertinet.
1161 1979 1221 2060 At,
1292 1971 1303 1988 '

127 2079 194 2162 qui,
209 2079 299 2144 unde
315 2099 459 2163 quaeque
480 2078 581 2143 lectio
603 2077 748 2156 fluxerit,
763 2086 798 2142 et
811 2099 913 2163 quam
927 2079 1053 2143 habeat
1075 2081 1222 2144 auctori-

16 2251 17 2278 ἢ
126 2187 240 2259 tatem,
257 2183 344 2246 scire
358 2182 504 2264 cupiunt,
517 2180 731 2270 omninoque,
739 2181 798 2263 qni
812 2188 892 2264 post
902 2182 1126 2246 Burmannum
1140 2179 1220 2244 Pro-

16 2313 36 2338 -
126 2283 225 2364 pertii
240 2283 392 2348 carmina
405 2281 596 2364 castigaturi
610 2286 699 2360 sunt,
722 2282 795 2346 haec
817 2265 983 2364 cognosse
996 2299 1063 2345 ncu
1077 2281 1221 2363 prenite-

16 2391 17 2412 *
126 2383 184 2448 bit
230 2384 414 2467 Exemplar
442 2384 541 2465 igitur
568 2381 800 2450 Victorianum
827 2385 913 2450 banc
942 2382 1221 2465 subscriptionem

127 2482 290 2550 babebat:
313 2491 323 2519 ‘
338 2481 536 2550 Franciscus
550 2484 695 2550 Puccins
708 2487 783 2551 hoec
802 2487 986 2552 annotabat
998 2503 1086 2550 auno
1101 2483 1221 2548 salutis

129 2602 224 2650 unu.
261 2583 449 2668 Augustino
477 2584 686 2668 Scarpinella
701 2588 824 2651 comite
855 2586 1048 2662 studiorum,
1085 2591 1222 2648 secutus

127 2686 226 2752 fidem
257 2687 480 2770 antiquissimi
507 2686 647 2764 codicis,
671 2688 730 2770 qui
758 2688 902 2770 primum
930 2687 996 2753 suit
1024 2683 1223 2750 Bemardini

129 2785 251 2866 Valles,
273 2787 402 2871 patritii
424 2785 580 2865 Mmaui,
595 2787 660 2851 riri
676 2786 877 2866 doctissimi,
899 2788 975 2856 dein
998 2788 1042 2852 ab
1065 2807 1106 2852 sc
1130 2786 1220 2852 dono
1270 2865 1282 2888 ι

129 2887 228 2954 datus
242 2895 292 2954 est
305 2888 480 2972 Alpbonso
495 2904 534 2951 11.
578 2887 666 2970 Regi
693 2888 935 2972 Neapolitano,
951 2888 1101 2972 Principi
1115 2889 1222 2952 litera-

128 3009 200 3054 rum
215 2991 455 3056 amantissimo.
499 2988 636 3055 Contuli
652 3009 729 3056 cum
753 2987 867 3058 codice
881 2990 1086 3074 autographo
1108 2989 1221 3054 idibus

128 3091 229 3157 Juliis
246 3107 392 3157 unxxr.
407 3092 448 3156 P.
464 3090 658 3157 Victorius!

171 3192 298 3258 Monet
310 3201 421 3259 autem
433 3193 467 3258 in
478 3192 584 3258 literis
594 3182 1099 3270 GicrenucuiusinVictcriani
1110 3203 1223 3256 exem²

129 3293 232 3377 piaris
255 3293 502 3377 subscriptione
524 3313 645 3360 nomen
666 3294 840 3360 Francisci
862 3293 982 3359 Puccii
997 3293 1047 3358 sic
1064 3294 1223 3360 abrasum

129 3415 212 3473 esse,
227 3407 265 3460 nt
285 3415 326 3459 ne
340 3394 518 3478 vestigium
533 3394 665 3480 quidem
691 3395 795 3460 ullum
820 3400 992 3479 appareat,
1004 3413 1065 3459 nec
1086 3414 1123 3460 se
1145 3412 1224 3460 cau·

130 3517 213 3576 sam,
228 3517 288 3562 cur
300 3499 349 3562 ita
362 3497 489 3563 sactum
504 3499 559 3576 sit,
574 3497 684 3564 dicere
695 3517 815 3581 posse;
837 3498 896 3562 sed
916 3499 988 3562 sine
1008 3499 1123 3562 enoris
1135 3499 1224 3581 peri·
1333 3505 1349 3526 ··

131 3598 207 3664 culo
231 3599 381 3682 suppleri
402 3617 446 3662 ex
472 3599 576 3662 tribus
600 3604 784 3682 quatuorve
810 3597 1046 3682 Neapolitanis
1064 3597 1172 3664 Ccdd.
1188 3599 1223 3662 in

130 3700 251 3783 quibus
275 3700 391 3766 eadem
410 3699 623 3784 subscriptio,
646 3701 830 3783 iisdemque
857 3701 955 3784 plane
969 3701 1090 3777 verbis,
1106 3698 1224 3763 addito

130 3787 248 3866 Puccii
262 3803 397 3866 nornine
410 3802 540 3884 legitur.
563 3801 693 3866 Horum
708 3821 810 3868 unum
825 3807 938 3867 extare
953 3801 1042 3885 apud
1055 3799 1223 3866 Alcisinm

130 3901 387 3981 Lancellcttnm,
414 3904 522 3970 virum
550 3903 830 3984 eruditissimum
871 3907 995 3967 ceteros
1033 3899 1159 3965 serrari
1190 3900 1224 3964 in

129 4003 334 4069 bibliotheca
346 4003 553 4070 Carbonaria
565 4005 803 4068 monachorum
816 4001 1131 4084 Augustinensium.
1160 3999 1224 4065 Ge·
1289 4039 1292 4056 ·

130 4109 234 4172 terum
250 4103 399 4172 Paccius
418 4123 463 4170 ex
487 4103 790 4182 emendationibus,
810 4123 885 4188 quse
911 4107 1011 4168 certae
1029 4101 1224 4179 riderentur,
