<?xml version="1.0" encoding="UTF-8"?>
<!DOCTYPE html PUBLIC "-//W3C//DTD XHTML 1.0 Transitional//EN"
    "http://www.w3.org/TR/xhtml1/DTD/xhtml1-transitional.dtd">
<html xmlns="http://www.w3.org/1999/xhtml" xml:lang="en" lang="en">
 <head>
  <title>
</title>
<meta http-equiv="Content-Type" content="text/html;charset=utf-8" />
  <meta name='ocr-system' content='tesseract 3.04.00' />
  <meta name='ocr-capabilities' content='ocr_page ocr_carea ocr_par ocr_line ocrx_word'/>
</head>
<body>
  <div class='ocr_page' id='page_1' title='image "./operaomniaexedi01propgoog_0219.png"; bbox 0 0 2888 4768; ppageno 0'>
   <div class='ocr_carea' id='block_1_1' title="bbox 186 345 953 412">
    <p class='ocr_par' dir='ltr' id='par_1_1' title="bbox 186 345 953 412">
     <span class='ocr_line' id='line_1_1' title="bbox 186 345 953 412; baseline -0.014 0"><span class='ocrx_word' id='word_1_1' title='bbox 186 345 253 412; x_wconf 71' lang='lat'>2⁰6</span> <span class='ocrx_word' id='word_1_2' title='bbox 518 358 546 406; x_wconf 88' lang='lat' dir='ltr'>s.</span> <span class='ocrx_word' id='word_1_3' title='bbox 570 355 729 410; x_wconf 73' lang='lat' dir='ltr'>sunnin</span> <span class='ocrx_word' id='word_1_4' title='bbox 753 353 953 406; x_wconf 79' lang='lat' dir='ltr'>ruornnrn</span> 
     </span>
    </p>
   </div>
   <div class='ocr_carea' id='block_1_2' title="bbox 186 494 1286 890">
    <p class='ocr_par' dir='ltr' id='par_1_2' title="bbox 186 494 1286 890">
     <span class='ocr_line' id='line_1_2' title="bbox 188 494 1127 587; baseline -0.009 -17"><span class='ocrx_word' id='word_1_5' title='bbox 188 504 255 570; x_wconf 88' lang='lat' dir='ltr'>Sed</span> <span class='ocrx_word' id='word_1_6' title='bbox 268 521 376 587; x_wconf 87' lang='lat' dir='ltr'>neque</span> <span class='ocrx_word' id='word_1_7' title='bbox 391 501 584 584; x_wconf 79' lang='lat' dir='ltr'>Phlegraeos</span> <span class='ocrx_word' id='word_1_8' title='bbox 598 498 622 564; x_wconf 85' lang='lat' dir='ltr'>J</span> <span class='ocrx_word' id='word_1_9' title='bbox 624 498 699 564; x_wconf 84' lang='lat' dir='ltr'>oris</span> <span class='ocrx_word' id='word_1_10' title='bbox 714 495 948 580; x_wconf 72' lang='lat' dir='ltr'><strong>Enceladique</strong></span> <span class='ocrx_word' id='word_1_11' title='bbox 959 494 1127 562; x_wconf 81' lang='lat' dir='ltr'>tumuitus</span> 
     </span>
     <span class='ocr_line' id='line_1_3' title="bbox 230 597 1286 688; baseline -0.009 -17"><span class='ocrx_word' id='word_1_12' title='bbox 230 607 521 688; x_wconf 79' lang='lat' dir='ltr'>Intonetangusto</span> <span class='ocrx_word' id='word_1_13' title='bbox 536 607 672 686; x_wconf 80' lang='lat' dir='ltr'>pectore</span> <span class='ocrx_word' id='word_1_14' title='bbox 685 598 936 679; x_wconf 83' lang='lat' dir='ltr'>Callimachus3</span> <span class='ocrx_word' id='word_1_15' title='bbox 1242 597 1286 663; x_wconf 79' lang='lat' dir='ltr'>to</span> 
     </span>
     <span class='ocr_line' id='line_1_4' title="bbox 186 701 983 786; baseline -0.011 -13"><span class='ocrx_word' id='word_1_16' title='bbox 186 705 261 773; x_wconf 85' lang='lat' dir='ltr'>Nec</span> <span class='ocrx_word' id='word_1_17' title='bbox 275 727 351 772; x_wconf 84' lang='lat' dir='ltr'>meu</span> <span class='ocrx_word' id='word_1_18' title='bbox 366 706 571 771; x_wconf 85' lang='lat' dir='ltr'>conveniunt</span> <span class='ocrx_word' id='word_1_19' title='bbox 585 704 670 768; x_wconf 89' lang='lat' dir='ltr'>duro</span> <span class='ocrx_word' id='word_1_20' title='bbox 683 701 871 786; x_wconf 82' lang='lat' dir='ltr'>praecordia</span> <span class='ocrx_word' id='word_1_21' title='bbox 884 719 983 766; x_wconf 83' lang='lat' dir='ltr'>versu</span> 
     </span>
     <span class='ocr_line' id='line_1_5' title="bbox 230 803 1007 890; baseline -0.009 -17"><span class='ocrx_word' id='word_1_22' title='bbox 230 808 376 874; x_wconf 72' lang='lat' dir='ltr'>Caesaris</span> <span class='ocrx_word' id='word_1_23' title='bbox 387 809 423 874; x_wconf 92' lang='lat' dir='ltr'>in</span> <span class='ocrx_word' id='word_1_24' title='bbox 438 805 605 890; x_wconf 83' lang='lat' dir='ltr'>Phrygios</span> <span class='ocrx_word' id='word_1_25' title='bbox 620 803 763 870; x_wconf 86' lang='lat' dir='ltr'>condere</span> <span class='ocrx_word' id='word_1_26' title='bbox 776 819 898 868; x_wconf 89' lang='lat' dir='ltr'>nomen</span> <span class='ocrx_word' id='word_1_27' title='bbox 912 819 1007 867; x_wconf 87' lang='lat' dir='ltr'>avos.</span> 
     </span>
    </p>
   </div>
   <div class='ocr_carea' id='block_1_3' title="bbox 184 964 1288 1101">
    <p class='ocr_par' dir='ltr' id='par_1_3' title="bbox 184 964 1288 1101">
     <span class='ocr_line' id='line_1_6' title="bbox 184 964 1288 1040; baseline -0.01 -15"><span class='ocrx_word' id='word_1_28' title='bbox 184 975 271 1040; x_wconf 80' lang='lat' dir='ltr'>spirits</span> <span class='ocrx_word' id='word_1_29' title='bbox 288 975 396 1023; x_wconf 62' lang='lat' dir='ltr'>&amp;coutet</span> <span class='ocrx_word' id='word_1_30' title='bbox 415 971 574 1020; x_wconf 75' lang='lat' dir='ltr'>Calllucclm</span> <span class='ocrx_word' id='word_1_31' title='bbox 592 970 720 1032; x_wconf 77' lang='lat' dir='ltr'>Pldrgraa</span> <span class='ocrx_word' id='word_1_32' title='bbox 737 969 806 1019; x_wconf 78' lang='lat' dir='ltr'>doeio</span> <span class='ocrx_word' id='word_1_33' title='bbox 822 973 848 1017; x_wconf 86' lang='lat' dir='ltr'>et</span> <span class='ocrx_word' id='word_1_34' title='bbox 866 967 983 1018; x_wconf 73' lang='lat' dir='ltr'>Enceladi</span> <span class='ocrx_word' id='word_1_35' title='bbox 1000 964 1069 1016; x_wconf 80' lang='lat' dir='ltr'>delia.</span> <span class='ocrx_word' id='word_1_36' title='bbox 1110 965 1194 1030; x_wconf 76' lang='lat' dir='ltr'>Neque</span> <span class='ocrx_word' id='word_1_37' title='bbox 1208 971 1288 1030; x_wconf 80' lang='lat' dir='ltr'>psctru</span> 
     </span>
     <span class='ocr_line' id='line_1_7' title="bbox 186 1028 1288 1101; baseline -0.008 -12"><span class='ocrx_word' id='word_1_38' title='bbox 186 1054 262 1089; x_wconf 78' lang='lat' dir='ltr'>rueras</span> <span class='ocrx_word' id='word_1_39' title='bbox 278 1041 357 1101; x_wconf 86' lang='lat' dir='ltr'>potest</span> <span class='ocrx_word' id='word_1_40' title='bbox 373 1035 470 1100; x_wconf 76' lang='lat' dir='ltr'>superio</span> <span class='ocrx_word' id='word_1_41' title='bbox 487 1036 592 1085; x_wconf 79' lang='lat' dir='ltr'>caratiae</span> <span class='ocrx_word' id='word_1_42' title='bbox 613 1035 715 1084; x_wconf 78' lang='lat' dir='ltr'>Cereris</span> <span class='ocrx_word' id='word_1_43' title='bbox 731 1047 813 1082; x_wconf 75' lang='lat' dir='ltr'>eomes</span> <span class='ocrx_word' id='word_1_44' title='bbox 830 1033 862 1082; x_wconf 89' lang='lat' dir='ltr'>ud</span> <span class='ocrx_word' id='word_1_45' title='bbox 878 1029 977 1094; x_wconf 58' lang='lat' dir='ltr'>sudores</span> <span class='ocrx_word' id='word_1_46' title='bbox 990 1031 1046 1096; x_wconf 87' lang='lat' dir='ltr'>ejus</span> <span class='ocrx_word' id='word_1_47' title='bbox 1058 1030 1178 1095; x_wconf 64' lang='lat' dir='ltr'>Phrygios</span> <span class='ocrx_word' id='word_1_48' title='bbox 1196 1028 1288 1081; x_wconf 88' lang='lat' dir='ltr'>heroas</span> 
     </span>
    </p>
   </div>
   <div class='ocr_carea' id='block_1_4' title="bbox 641 1159 822 1183">
    <p class='ocr_par' dir='ltr' id='par_1_4' title="bbox 641 1159 822 1183">
     <span class='ocr_line' id='line_1_8' title="bbox 641 1159 822 1183; baseline -0.017 0"><span class='ocrx_word' id='word_1_49' title='bbox 641 1163 656 1182; x_wconf 63' lang='grc' dir='ltr'>θ</span> <span class='ocrx_word' id='word_1_50' title='bbox 659 1159 822 1183; x_wconf 58' lang='lat' dir='ltr'>oneum&amp;</span> 
     </span>
    </p>
   </div>
   <div class='ocr_carea' id='block_1_5' title="bbox 184 1237 1289 1440">
    <p class='ocr_par' dir='ltr' id='par_1_5' title="bbox 184 1237 1289 1440">
     <span class='ocr_line' id='line_1_9' title="bbox 186 1237 1289 1310; baseline -0.005 -13"><span class='ocrx_word' id='word_1_51' title='bbox 186 1245 297 1308; x_wconf 83' lang='lat' dir='ltr'>affirmo,</span> <span class='ocrx_word' id='word_1_52' title='bbox 314 1245 409 1296; x_wconf 77' lang='lat' dir='ltr'>cedere</span> <span class='ocrx_word' id='word_1_53' title='bbox 427 1249 535 1310; x_wconf 87' lang='lat' dir='ltr'>paratus</span> <span class='ocrx_word' id='word_1_54' title='bbox 553 1243 600 1307; x_wconf 92' lang='lat' dir='ltr'>illi,</span> <span class='ocrx_word' id='word_1_55' title='bbox 617 1242 661 1308; x_wconf 85' lang='lat' dir='ltr'>qni</span> <span class='ocrx_word' id='word_1_56' title='bbox 680 1242 757 1292; x_wconf 87' lang='lat' dir='ltr'>aliurn</span> <span class='ocrx_word' id='word_1_57' title='bbox 777 1255 793 1290; x_wconf 85' lang='lat' dir='ltr'>a</span> <span class='ocrx_word' id='word_1_58' title='bbox 809 1239 950 1305; x_wconf 85' lang='lat' dir='ltr'>Propertio</span> <span class='ocrx_word' id='word_1_59' title='bbox 969 1239 1054 1290; x_wconf 89' lang='lat' dir='ltr'>iocum</span> <span class='ocrx_word' id='word_1_60' title='bbox 1071 1237 1233 1304; x_wconf 68' lang='lat' dir='ltr'>suppeditet,</span> <span class='ocrx_word' id='word_1_61' title='bbox 1244 1240 1289 1291; x_wconf 90' lang='lat' dir='ltr'>cui</span> 
     </span>
     <span class='ocr_line' id='line_1_10' title="bbox 184 1304 1289 1361; baseline -0.005 -1"><span class='ocrx_word' id='word_1_62' title='bbox 184 1326 276 1361; x_wconf 80' lang='lat' dir='ltr'>versus</span> <span class='ocrx_word' id='word_1_63' title='bbox 287 1311 312 1360; x_wconf 83' lang='lat' dir='ltr'>lsl</span> <span class='ocrx_word' id='word_1_64' title='bbox 330 1311 422 1360; x_wconf 86' lang='lat' dir='ltr'>meiius</span> <span class='ocrx_word' id='word_1_65' title='bbox 439 1307 613 1360; x_wconf 74' lang='lat' dir='ltr'>conveniant.¹</span> <span class='ocrx_word' id='word_1_66' title='bbox 629 1309 715 1358; x_wconf 70' lang='lat' dir='ltr'>Bam</span> <span class='ocrx_word' id='word_1_67' title='bbox 748 1307 927 1357; x_wconf 77' lang='lat' dir='ltr'>Lachmannus</span> <span class='ocrx_word' id='word_1_68' title='bbox 943 1310 1035 1354; x_wconf 87' lang='lat' dir='ltr'>censet</span> <span class='ocrx_word' id='word_1_69' title='bbox 1055 1304 1139 1354; x_wconf 85' lang='lat' dir='ltr'>iucem</span> <span class='ocrx_word' id='word_1_70' title='bbox 1156 1317 1229 1354; x_wconf 84' lang='lat' dir='ltr'>suern</span> <span class='ocrx_word' id='word_1_71' title='bbox 1248 1307 1289 1355; x_wconf 80' lang='lat' dir='ltr'>iris</span> 
     </span>
     <span class='ocr_line' id='line_1_11' title="bbox 186 1368 1289 1440; baseline -0.003 -16"><span class='ocrx_word' id='word_1_72' title='bbox 186 1390 237 1424; x_wconf 86' lang='lat' dir='ltr'>ras.</span> <span class='ocrx_word' id='word_1_73' title='bbox 249 1375 349 1425; x_wconf 85' lang='lat' dir='ltr'>restitui</span> <span class='ocrx_word' id='word_1_74' title='bbox 365 1389 441 1440; x_wconf 86' lang='lat' dir='ltr'>posse</span> <span class='ocrx_word' id='word_1_75' title='bbox 460 1373 599 1424; x_wconf 89' lang='lat' dir='ltr'>scribendo</span> <span class='ocrx_word' id='word_1_76' title='bbox 615 1372 706 1435; x_wconf 73' lang='lat' dir='ltr'>aperi·</span> <span class='ocrx_word' id='word_1_77' title='bbox 720 1385 762 1421; x_wconf 79' lang='lat' dir='ltr'>eea</span> <span class='ocrx_word' id='word_1_78' title='bbox 772 1370 846 1430; x_wconf 79' lang='lat' dir='ltr'>sciar</span> <span class='ocrx_word' id='word_1_79' title='bbox 859 1370 922 1420; x_wconf 78' lang='lat' dir='ltr'>Acis.</span> <span class='ocrx_word' id='word_1_80' title='bbox 953 1368 1082 1418; x_wconf 82' lang='lat' dir='ltr'>lrioss&#39;dess</span> <span class='ocrx_word' id='word_1_81' title='bbox 1102 1368 1196 1419; x_wconf 86' lang='lat' dir='ltr'>Dresd.</span> <span class='ocrx_word' id='word_1_82' title='bbox 1213 1369 1289 1421; x_wconf 81' lang='lat' dir='ltr'>Bria.</span> 
     </span>
    </p>
   </div>
   <div class='ocr_carea' id='block_1_6' title="bbox 183 1433 1288 2016">
    <p class='ocr_par' dir='ltr' id='par_1_6' title="bbox 183 1433 1288 2016">
     <span class='ocr_line' id='line_1_12' title="bbox 184 1433 1287 1498; baseline -0.005 -10"><span class='ocrx_word' id='word_1_83' title='bbox 184 1440 346 1489; x_wconf 75' lang='lat' dir='ltr'>venet—til</span> <span class='ocrx_word' id='word_1_84' title='bbox 365 1439 462 1488; x_wconf 70' lang='lat' dir='ltr'>liniri</span> <span class='ocrx_word' id='word_1_85' title='bbox 478 1439 639 1488; x_wconf 77' lang='lat' dir='ltr'>venet-til</span> <span class='ocrx_word' id='word_1_86' title='bbox 659 1435 788 1498; x_wconf 75' lang='lat' dir='ltr'>‘Augusto</span> <span class='ocrx_word' id='word_1_87' title='bbox 810 1434 852 1484; x_wconf 88' lang='lat' dir='ltr'>ed.</span> <span class='ocrx_word' id='word_1_88' title='bbox 872 1435 961 1484; x_wconf 73' lang='lat' dir='ltr'>Grau.</span> <span class='ocrx_word' id='word_1_89' title='bbox 979 1433 1044 1484; x_wconf 79' lang='lat' dir='ltr'>vitio</span> <span class='ocrx_word' id='word_1_90' title='bbox 1060 1447 1198 1497; x_wconf 85' lang='lat' dir='ltr'>operarum</span> <span class='ocrx_word' id='word_1_91' title='bbox 1218 1434 1287 1484; x_wconf 87' lang='lat' dir='ltr'>haud</span> 
     </span>
     <span class='ocr_line' id='line_1_13' title="bbox 185 1497 1287 1562; baseline -0.004 -10"><span class='ocrx_word' id='word_1_92' title='bbox 185 1503 280 1553; x_wconf 73' lang='lat' dir='ltr'>dubie!</span> <span class='ocrx_word' id='word_1_93' title='bbox 295 1502 384 1554; x_wconf 78' lang='lat' dir='ltr'>Baeti.</span> <span class='ocrx_word' id='word_1_94' title='bbox 418 1503 537 1552; x_wconf 80' lang='lat' dir='ltr'>‘Intonat</span> <span class='ocrx_word' id='word_1_95' title='bbox 556 1500 629 1552; x_wconf 77' lang='lat' dir='ltr'>leid.</span> <span class='ocrx_word' id='word_1_96' title='bbox 649 1504 673 1550; x_wconf 92' lang='lat'>1.</span> <span class='ocrx_word' id='word_1_97' title='bbox 718 1499 769 1549; x_wconf 89' lang='lat' dir='ltr'>nod</span> <span class='ocrx_word' id='word_1_98' title='bbox 789 1497 892 1548; x_wconf 86' lang='lat' dir='ltr'>admitti</span> <span class='ocrx_word' id='word_1_99' title='bbox 911 1503 999 1562; x_wconf 83' lang='lat' dir='ltr'>potest</span> <span class='ocrx_word' id='word_1_100' title='bbox 1020 1505 1128 1562; x_wconf 89' lang='lat' dir='ltr'>propter</span> <span class='ocrx_word' id='word_1_101' title='bbox 1147 1499 1287 1548; x_wconf 72' lang='lat' dir='ltr'>mussitet</span> 
     </span>
     <span class='ocr_line' id='line_1_14' title="bbox 186 1561 1287 1631; baseline -0.003 -15"><span class='ocrx_word' id='word_1_102' title='bbox 186 1581 242 1631; x_wconf 82' lang='lat' dir='ltr'>seq.</span> <span class='ocrx_word' id='word_1_103' title='bbox 264 1581 303 1616; x_wconf 80' lang='lat' dir='ltr'>vs.</span> <span class='ocrx_word' id='word_1_104' title='bbox 319 1567 368 1616; x_wconf 88' lang='lat' dir='ltr'>nisi</span> <span class='ocrx_word' id='word_1_105' title='bbox 385 1566 438 1618; x_wconf 87' lang='lat' dir='ltr'>illic</span> <span class='ocrx_word' id='word_1_106' title='bbox 457 1566 592 1616; x_wconf 69' lang='lat' dir='ltr'>moesias!</span> <span class='ocrx_word' id='word_1_107' title='bbox 612 1579 670 1615; x_wconf 85' lang='lat' dir='ltr'>cnm</span> <span class='ocrx_word' id='word_1_108' title='bbox 717 1563 796 1613; x_wconf 90' lang='lat' dir='ltr'>cinsio</span> <span class='ocrx_word' id='word_1_109' title='bbox 818 1562 922 1628; x_wconf 72' lang='lat' dir='ltr'>legend.</span> <span class='ocrx_word' id='word_1_110' title='bbox 955 1561 1065 1624; x_wconf 67' lang='lat' dir='ltr'>Aram</span> <span class='ocrx_word' id='word_1_111' title='bbox 1086 1561 1152 1612; x_wconf 88' lang='lat' dir='ltr'>ruale</span> <span class='ocrx_word' id='word_1_112' title='bbox 1170 1563 1246 1612; x_wconf 90' lang='lat' dir='ltr'>Voss.</span> <span class='ocrx_word' id='word_1_113' title='bbox 1262 1567 1287 1614; x_wconf 87' lang='lat'>1.</span> 
     </span>
     <span class='ocr_line' id='line_1_15' title="bbox 187 1625 1288 1692; baseline -0.004 -12"><span class='ocrx_word' id='word_1_114' title='bbox 187 1633 279 1681; x_wconf 72' lang='lat' dir='ltr'>lirano.</span> <span class='ocrx_word' id='word_1_115' title='bbox 289 1637 314 1682; x_wconf 88' lang='lat' dir='ltr'>l.</span> <span class='ocrx_word' id='word_1_116' title='bbox 330 1632 393 1681; x_wconf 90' lang='lat' dir='ltr'>licat</span> <span class='ocrx_word' id='word_1_117' title='bbox 408 1631 434 1680; x_wconf 97' lang='lat' dir='ltr'>id</span> <span class='ocrx_word' id='word_1_118' title='bbox 446 1630 574 1680; x_wconf 84' lang='lat' dir='ltr'>retineud.</span> <span class='ocrx_word' id='word_1_119' title='bbox 586 1628 718 1678; x_wconf 80' lang='lat' dir='ltr'>censuerit</span> <span class='ocrx_word' id='word_1_120' title='bbox 733 1627 823 1692; x_wconf 78' lang='lat' dir='ltr'>dyrm.</span> <span class='ocrx_word' id='word_1_121' title='bbox 834 1625 880 1676; x_wconf 85' lang='lat' dir='ltr'>sed</span> <span class='ocrx_word' id='word_1_122' title='bbox 890 1631 991 1688; x_wconf 68' lang='lat' dir='ltr'>amus</span> <span class='ocrx_word' id='word_1_123' title='bbox 1001 1631 1075 1676; x_wconf 89' lang='lat' dir='ltr'>recta</span> <span class='ocrx_word' id='word_1_124' title='bbox 1093 1626 1120 1674; x_wconf 91' lang='lat' dir='ltr'>in</span> <span class='ocrx_word' id='word_1_125' title='bbox 1131 1633 1194 1678; x_wconf 88' lang='lat' dir='ltr'>cett.</span> <span class='ocrx_word' id='word_1_126' title='bbox 1206 1627 1288 1677; x_wconf 87' lang='lat' dir='ltr'>omni·</span> 
     </span>
     <span class='ocr_line' id='line_1_16' title="bbox 185 1689 1288 1754; baseline -0.005 -9"><span class='ocrx_word' id='word_1_127' title='bbox 185 1695 251 1745; x_wconf 65' lang='lat' dir='ltr'>bua?</span> <span class='ocrx_word' id='word_1_128' title='bbox 269 1696 420 1744; x_wconf 74' lang='lat' dir='ltr'>Bam-tl</span> <span class='ocrx_word' id='word_1_129' title='bbox 429 1695 578 1744; x_wconf 70' lang='lat' dir='ltr'>Praemiut</span> <span class='ocrx_word' id='word_1_130' title='bbox 589 1693 620 1743; x_wconf 85' lang='lat' dir='ltr'>C.</span> <span class='ocrx_word' id='word_1_131' title='bbox 633 1693 705 1742; x_wconf 84' lang='lat' dir='ltr'>Gom.</span> <span class='ocrx_word' id='word_1_132' title='bbox 721 1691 730 1720; x_wconf 85' lang='lat'>‘</span> <span class='ocrx_word' id='word_1_133' title='bbox 742 1691 868 1740; x_wconf 70' lang='lat' dir='ltr'>Pramnio</span> <span class='ocrx_word' id='word_1_134' title='bbox 878 1690 1004 1754; x_wconf 78' lang='lat' dir='ltr'>Groninp.</span> <span class='ocrx_word' id='word_1_135' title='bbox 1013 1689 1082 1754; x_wconf 83' lang='lat' dir='ltr'>quod</span> <span class='ocrx_word' id='word_1_136' title='bbox 1092 1703 1142 1740; x_wconf 88' lang='lat' dir='ltr'>uon</span> <span class='ocrx_word' id='word_1_137' title='bbox 1150 1692 1288 1740; x_wconf 87' lang='lat' dir='ltr'>attenden-</span> 
     </span>
     <span class='ocr_line' id='line_1_17' title="bbox 184 1753 1288 1820; baseline -0.001 -13"><span class='ocrx_word' id='word_1_138' title='bbox 184 1759 255 1808; x_wconf 87' lang='lat' dir='ltr'>duur.</span> <span class='ocrx_word' id='word_1_139' title='bbox 281 1760 402 1807; x_wconf 74' lang='lat' dir='ltr'>Prodere</span> <span class='ocrx_word' id='word_1_140' title='bbox 410 1759 524 1808; x_wconf 85' lang='lat' dir='ltr'>malebat</span> <span class='ocrx_word' id='word_1_141' title='bbox 532 1758 565 1808; x_wconf 90' lang='lat' dir='ltr'>P.</span> <span class='ocrx_word' id='word_1_142' title='bbox 575 1757 719 1806; x_wconf 84' lang='lat' dir='ltr'>Scriverius</span> <span class='ocrx_word' id='word_1_143' title='bbox 731 1755 811 1819; x_wconf 85' lang='lat' dir='ltr'>Doro,</span> <span class='ocrx_word' id='word_1_144' title='bbox 819 1753 957 1806; x_wconf 79' lang='lat' dir='ltr'>Animadv.</span> <span class='ocrx_word' id='word_1_145' title='bbox 970 1755 1003 1804; x_wconf 91' lang='lat' dir='ltr'>ad</span> <span class='ocrx_word' id='word_1_146' title='bbox 1012 1755 1134 1819; x_wconf 79' lang='lat' dir='ltr'>spectac.</span> <span class='ocrx_word' id='word_1_147' title='bbox 1145 1756 1236 1820; x_wconf 71' lang='lat' dir='ltr'>Epigr.</span> <span class='ocrx_word' id='word_1_148' title='bbox 1244 1759 1288 1807; x_wconf 72' lang='lat' dir='ltr'>tl.</span> 
     </span>
     <span class='ocr_line' id='line_1_18' title="bbox 184 1819 1288 1886; baseline -0.004 -14"><span class='ocrx_word' id='word_1_149' title='bbox 184 1823 245 1872; x_wconf 85' lang='lat' dir='ltr'>Non</span> <span class='ocrx_word' id='word_1_150' title='bbox 265 1821 404 1886; x_wconf 75' lang='lat' dir='ltr'>persuadet</span> <span class='ocrx_word' id='word_1_151' title='bbox 421 1822 460 1871; x_wconf 81' lang='lat' dir='ltr'>vir</span> <span class='ocrx_word' id='word_1_152' title='bbox 476 1819 654 1871; x_wconf 86' lang='lat' dir='ltr'>acutissimus.&#39;</span> <span class='ocrx_word' id='word_1_153' title='bbox 683 1820 793 1871; x_wconf 75' lang='lat' dir='ltr'>Broulci.</span> <span class='ocrx_word' id='word_1_154' title='bbox 838 1820 894 1869; x_wconf 85' lang='lat' dir='ltr'>Has</span> <span class='ocrx_word' id='word_1_155' title='bbox 913 1819 1070 1870; x_wconf 81' lang='lat' dir='ltr'>variationes</span> <span class='ocrx_word' id='word_1_156' title='bbox 1088 1819 1176 1883; x_wconf 87' lang='lat' dir='ltr'>rejicit</span> <span class='ocrx_word' id='word_1_157' title='bbox 1194 1820 1288 1874; x_wconf 78' lang='lat' dir='ltr'>Barda.</span> 
     </span>
     <span class='ocr_line' id='line_1_19' title="bbox 183 1883 1288 1949; baseline -0.001 -14"><span class='ocrx_word' id='word_1_158' title='bbox 183 1887 323 1935; x_wconf 83' lang='lat' dir='ltr'>Proecordia</span> <span class='ocrx_word' id='word_1_159' title='bbox 332 1884 452 1936; x_wconf 84' lang='lat' dir='ltr'>defendit</span> <span class='ocrx_word' id='word_1_160' title='bbox 461 1887 616 1936; x_wconf 74' lang='lat' dir='ltr'>lium-iil</span> <span class='ocrx_word' id='word_1_161' title='bbox 632 1885 641 1912; x_wconf 91' lang='lat'>‘</span> <span class='ocrx_word' id='word_1_162' title='bbox 653 1885 749 1934; x_wconf 72' lang='lat' dir='ltr'>Names</span> <span class='ocrx_word' id='word_1_163' title='bbox 759 1883 874 1934; x_wconf 82' lang='lat' dir='ltr'>Broukir.</span> <span class='ocrx_word' id='word_1_164' title='bbox 885 1884 966 1933; x_wconf 85' lang='lat' dir='ltr'>lrabet</span> <span class='ocrx_word' id='word_1_165' title='bbox 980 1884 1007 1932; x_wconf 93' lang='lat' dir='ltr'>in</span> <span class='ocrx_word' id='word_1_166' title='bbox 1019 1884 1060 1934; x_wconf 83' lang='lat' dir='ltr'>ed.</span> <span class='ocrx_word' id='word_1_167' title='bbox 1076 1891 1197 1949; x_wconf 80' lang='lat' dir='ltr'>utraque,</span> <span class='ocrx_word' id='word_1_168' title='bbox 1207 1883 1288 1949; x_wconf 83' lang='lat' dir='ltr'>idque</span> 
     </span>
     <span class='ocr_line' id='line_1_20' title="bbox 183 1947 1287 2016; baseline -0.001 -16"><span class='ocrx_word' id='word_1_169' title='bbox 183 1951 210 2000; x_wconf 88' lang='lat' dir='ltr'>iu</span> <span class='ocrx_word' id='word_1_170' title='bbox 222 1951 300 2001; x_wconf 84' lang='lat' dir='ltr'>Notis</span> <span class='ocrx_word' id='word_1_171' title='bbox 317 1955 465 2016; x_wconf 78' lang='lat' dir='ltr'>propugnat</span> <span class='ocrx_word' id='word_1_172' title='bbox 475 1949 613 2001; x_wconf 80' lang='lat' dir='ltr'>ambitiosa</span> <span class='ocrx_word' id='word_1_173' title='bbox 623 1948 781 2012; x_wconf 82' lang='lat' dir='ltr'>eruditione,</span> <span class='ocrx_word' id='word_1_174' title='bbox 799 1961 852 1998; x_wconf 89' lang='lat' dir='ltr'>non</span> <span class='ocrx_word' id='word_1_175' title='bbox 868 1948 943 2013; x_wconf 84' lang='lat' dir='ltr'>prob.</span> <span class='ocrx_word' id='word_1_176' title='bbox 960 1947 1049 2012; x_wconf 87' lang='lat' dir='ltr'>Vulp.&#39;</span> <span class='ocrx_word' id='word_1_177' title='bbox 1065 1949 1157 2000; x_wconf 75' lang='lat' dir='ltr'>Baeti.</span> <span class='ocrx_word' id='word_1_178' title='bbox 1189 1949 1287 2013; x_wconf 85' lang='lat' dir='ltr'>liejioit</span> 
     </span>
    </p>
   </div>
   <div class='ocr_carea' id='block_1_7' title="bbox 681 2077 789 2130">
    <p class='ocr_par' dir='ltr' id='par_1_7' title="bbox 681 2077 789 2130">
     <span class='ocr_line' id='line_1_21' title="bbox 681 2077 789 2130; baseline -0.009 -1"><span class='ocrx_word' id='word_1_179' title='bbox 681 2077 789 2130; x_wconf 71' lang='lat' dir='ltr'>noris</span> 
     </span>
    </p>
   </div>
   <div class='ocr_carea' id='block_1_8' title="bbox 176 2173 1288 4287">
    <p class='ocr_par' dir='ltr' id='par_1_8' title="bbox 176 2173 1288 4287">
     <span class='ocr_line' id='line_1_22' title="bbox 182 2173 1288 2241; baseline 0.001 -18"><span class='ocrx_word' id='word_1_180' title='bbox 182 2174 209 2223; x_wconf 92' lang='lat' dir='ltr'>iu</span> <span class='ocrx_word' id='word_1_181' title='bbox 220 2173 381 2225; x_wconf 78' lang='lat' dir='ltr'>Patroclum.</span> <span class='ocrx_word' id='word_1_182' title='bbox 413 2173 456 2225; x_wconf 80' lang='lat' dir='ltr'>Ad</span> <span class='ocrx_word' id='word_1_183' title='bbox 468 2175 566 2226; x_wconf 86' lang='lat' dir='ltr'>inferos</span> <span class='ocrx_word' id='word_1_184' title='bbox 576 2189 627 2225; x_wconf 91' lang='lat' dir='ltr'>nou</span> <span class='ocrx_word' id='word_1_185' title='bbox 639 2174 713 2226; x_wconf 90' lang='lat' dir='ltr'>dubi·</span> <span class='ocrx_word' id='word_1_186' title='bbox 754 2180 892 2241; x_wconf 81' lang='lat' dir='ltr'>antequam</span> <span class='ocrx_word' id='word_1_187' title='bbox 908 2173 1033 2239; x_wconf 87' lang='lat' dir='ltr'>oppidum</span> <span class='ocrx_word' id='word_1_188' title='bbox 1042 2173 1130 2240; x_wconf 84' lang='lat' dir='ltr'>tieret,</span> <span class='ocrx_word' id='word_1_189' title='bbox 1146 2185 1234 2224; x_wconf 89' lang='lat' dir='ltr'>rumor</span> <span class='ocrx_word' id='word_1_190' title='bbox 1245 2177 1288 2224; x_wconf 89' lang='lat' dir='ltr'>est</span> 
     </span>
     <span class='ocr_line' id='line_1_23' title="bbox 182 2248 1287 2314; baseline -0.002 -15"><span class='ocrx_word' id='word_1_191' title='bbox 182 2250 249 2302; x_wconf 82' lang='lat' dir='ltr'>tavit</span> <span class='ocrx_word' id='word_1_192' title='bbox 266 2249 429 2301; x_wconf 86' lang='lat' dir='ltr'>descendere</span> <span class='ocrx_word' id='word_1_193' title='bbox 450 2251 568 2302; x_wconf 82' lang='lat' dir='ltr'>Theseus</span> <span class='ocrx_word' id='word_1_194' title='bbox 590 2265 648 2302; x_wconf 88' lang='lat' dir='ltr'>cum</span> <span class='ocrx_word' id='word_1_195' title='bbox 667 2250 714 2302; x_wconf 89' lang='lat' dir='ltr'>suo</span> <span class='ocrx_word' id='word_1_196' title='bbox 753 2251 780 2300; x_wconf 89' lang='lat' dir='ltr'>in</span> <span class='ocrx_word' id='word_1_197' title='bbox 792 2250 885 2301; x_wconf 84' lang='lat' dir='ltr'>militia</span> <span class='ocrx_word' id='word_1_198' title='bbox 896 2251 986 2301; x_wconf 85' lang='lat' dir='ltr'>muudi</span> <span class='ocrx_word' id='word_1_199' title='bbox 997 2251 1151 2301; x_wconf 83' lang='lat' dir='ltr'>dimicatum</span> <span class='ocrx_word' id='word_1_200' title='bbox 1169 2265 1228 2300; x_wconf 89' lang='lat' dir='ltr'>curn</span> <span class='ocrx_word' id='word_1_201' title='bbox 1249 2248 1287 2314; x_wconf 77' lang='lat' dir='ltr'>gi·</span> 
     </span>
     <span class='ocr_line' id='line_1_24' title="bbox 183 2324 1287 2392; baseline 0 -18"><span class='ocrx_word' id='word_1_202' title='bbox 183 2325 301 2375; x_wconf 85' lang='lat' dir='ltr'>Pirithoo</span> <span class='ocrx_word' id='word_1_203' title='bbox 313 2324 346 2374; x_wconf 88' lang='lat' dir='ltr'>ad</span> <span class='ocrx_word' id='word_1_204' title='bbox 360 2326 512 2391; x_wconf 86' lang='lat' dir='ltr'>rapiendam</span> <span class='ocrx_word' id='word_1_205' title='bbox 522 2327 714 2392; x_wconf 83' lang='lat' dir='ltr'>Proserpinam,</span> <span class='ocrx_word' id='word_1_206' title='bbox 752 2326 893 2392; x_wconf 70' lang='lat' dir='ltr'>gentibus!</span> <span class='ocrx_word' id='word_1_207' title='bbox 925 2327 959 2378; x_wconf 89' lang='lat' dir='ltr'>Iu</span> <span class='ocrx_word' id='word_1_208' title='bbox 969 2328 1116 2392; x_wconf 73' lang='lat' dir='ltr'>Phlegraeis</span> <span class='ocrx_word' id='word_1_209' title='bbox 1127 2327 1197 2378; x_wconf 88' lang='lat' dir='ltr'>enirn</span> <span class='ocrx_word' id='word_1_210' title='bbox 1206 2326 1287 2376; x_wconf 68' lang='lat' dir='ltr'>iner-</span> 
     </span>
     <span class='ocr_line' id='line_1_25' title="bbox 182 2399 1287 2468; baseline 0.002 -18"><span class='ocrx_word' id='word_1_211' title='bbox 182 2409 212 2450; x_wconf 89' lang='lat' dir='ltr'>ut</span> <span class='ocrx_word' id='word_1_212' title='bbox 223 2399 371 2451; x_wconf 85' lang='lat' dir='ltr'>fabulantur</span> <span class='ocrx_word' id='word_1_213' title='bbox 383 2401 478 2465; x_wconf 73' lang='lat' dir='ltr'>peirn.</span> <span class='ocrx_word' id='word_1_214' title='bbox 499 2403 593 2452; x_wconf 81' lang='lat' dir='ltr'>Horat.</span> <span class='ocrx_word' id='word_1_215' title='bbox 605 2416 645 2452; x_wconf 79' lang='grc' dir='ltr'>ιν.</span> <span class='ocrx_word' id='word_1_216' title='bbox 659 2403 712 2454; x_wconf 84' lang='lat' dir='ltr'>0d.</span> <span class='ocrx_word' id='word_1_217' title='bbox 751 2404 823 2453; x_wconf 81' lang='lat' dir='ltr'>salire</span> <span class='ocrx_word' id='word_1_218' title='bbox 832 2403 931 2468; x_wconf 84' lang='lat' dir='ltr'>campis</span> <span class='ocrx_word' id='word_1_219' title='bbox 941 2402 1093 2454; x_wconf 85' lang='lat' dir='ltr'>fabulentur</span> <span class='ocrx_word' id='word_1_220' title='bbox 1102 2418 1118 2453; x_wconf 88' lang='lat' dir='ltr'>a</span> <span class='ocrx_word' id='word_1_221' title='bbox 1128 2404 1186 2452; x_wconf 89' lang='lat' dir='ltr'>lliis</span> <span class='ocrx_word' id='word_1_222' title='bbox 1196 2402 1287 2452; x_wconf 80' lang='lat' dir='ltr'>devic-</span> 
     </span>
     <span class='ocr_line' id='line_1_26' title="bbox 180 2475 1285 2548; baseline 0.004 -24"><span class='ocrx_word' id='word_1_223' title='bbox 180 2479 205 2525; x_wconf 82' lang='grc'>7.</span> <span class='ocrx_word' id='word_1_224' title='bbox 222 2479 264 2524; x_wconf 73' lang='lat'>²⁶1.</span> <span class='ocrx_word' id='word_1_225' title='bbox 279 2475 356 2526; x_wconf 84' lang='lat' dir='ltr'>‘Nec</span> <span class='ocrx_word' id='word_1_226' title='bbox 379 2475 486 2526; x_wconf 75' lang='lat' dir='ltr'>laetitae</span> <span class='ocrx_word' id='word_1_227' title='bbox 506 2479 579 2527; x_wconf 80' lang='lat' dir='ltr'>valet</span> <span class='ocrx_word' id='word_1_228' title='bbox 595 2477 719 2548; x_wconf 66' lang='lat' dir='ltr'>nessus</span> <span class='ocrx_word' id='word_1_229' title='bbox 754 2487 794 2528; x_wconf 89' lang='lat' dir='ltr'>tos</span> <span class='ocrx_word' id='word_1_230' title='bbox 804 2477 1022 2544; x_wconf 69' lang='lat' dir='ltr'>fuissegipentes.</span> <span class='ocrx_word' id='word_1_231' title='bbox 1040 2478 1189 2530; x_wconf 80' lang='lat' dir='ltr'>Enceladus</span> <span class='ocrx_word' id='word_1_232' title='bbox 1198 2485 1285 2529; x_wconf 80' lang='lat' dir='ltr'>eutem</span> 
     </span>
     <span class='ocr_line' id='line_1_27' title="bbox 181 2549 1286 2621; baseline 0.005 -22"><span class='ocrx_word' id='word_1_233' title='bbox 181 2549 336 2614; x_wconf 84' lang='lat' dir='ltr'>abrumpere</span> <span class='ocrx_word' id='word_1_234' title='bbox 347 2565 408 2600; x_wconf 86' lang='lat' dir='ltr'>curo</span> <span class='ocrx_word' id='word_1_235' title='bbox 417 2551 529 2602; x_wconf 84' lang='lat' dir='ltr'>Vincula</span> <span class='ocrx_word' id='word_1_236' title='bbox 543 2550 713 2603; x_wconf 66' lang='lat' dir='ltr'>Pirithool-</span> <span class='ocrx_word' id='word_1_237' title='bbox 752 2552 802 2602; x_wconf 86' lang='lat' dir='ltr'>fuit</span> <span class='ocrx_word' id='word_1_238' title='bbox 821 2566 887 2604; x_wconf 88' lang='lat' dir='ltr'>nnus</span> <span class='ocrx_word' id='word_1_239' title='bbox 905 2569 938 2604; x_wconf 81' lang='lat' dir='ltr'>ex</span> <span class='ocrx_word' id='word_1_240' title='bbox 954 2554 1112 2619; x_wconf 74' lang='lat' dir='ltr'>gigantibus,</span> <span class='ocrx_word' id='word_1_241' title='bbox 1130 2555 1175 2621; x_wconf 84' lang='lat' dir='ltr'>qui</span> <span class='ocrx_word' id='word_1_242' title='bbox 1194 2561 1286 2604; x_wconf 79' lang='lat' dir='ltr'>contre</span> 
     </span>
     <span class='ocr_line' id='line_1_28' title="bbox 179 2625 1287 2694; baseline 0.004 -18"><span class='ocrx_word' id='word_1_243' title='bbox 179 2628 304 2691; x_wconf 84' lang='lat' dir='ltr'>‘Superis</span> <span class='ocrx_word' id='word_1_244' title='bbox 326 2631 441 2678; x_wconf 87' lang='lat' dir='ltr'>testatur</span> <span class='ocrx_word' id='word_1_245' title='bbox 455 2625 591 2677; x_wconf 63' lang='lat' dir='ltr'>Achilles!</span> <span class='ocrx_word' id='word_1_246' title='bbox 623 2627 711 2680; x_wconf 82' lang='lat' dir='ltr'>Quan-</span> <span class='ocrx_word' id='word_1_247' title='bbox 750 2629 844 2681; x_wconf 82' lang='lat' dir='ltr'>Jorem</span> <span class='ocrx_word' id='word_1_248' title='bbox 857 2630 1037 2694; x_wconf 87' lang='lat' dir='ltr'>conjurarunt,</span> <span class='ocrx_word' id='word_1_249' title='bbox 1054 2629 1131 2694; x_wconf 75' lang='lat' dir='ltr'>iunge</span> <span class='ocrx_word' id='word_1_250' title='bbox 1148 2629 1287 2692; x_wconf 82' lang='lat' dir='ltr'>maximus,</span> 
     </span>
     <span class='ocr_line' id='line_1_29' title="bbox 181 2703 1285 2770; baseline 0.002 -17"><span class='ocrx_word' id='word_1_251' title='bbox 181 2711 237 2754; x_wconf 90' lang='lat' dir='ltr'>tum</span> <span class='ocrx_word' id='word_1_252' title='bbox 257 2703 375 2755; x_wconf 79' lang='lat' dir='ltr'>Achilles</span> <span class='ocrx_word' id='word_1_253' title='bbox 396 2703 550 2755; x_wconf 78' lang='lat' dir='ltr'>Patroclum</span> <span class='ocrx_word' id='word_1_254' title='bbox 578 2703 711 2769; x_wconf 76' lang='lat' dir='ltr'>dilexerit,</span> <span class='ocrx_word' id='word_1_255' title='bbox 752 2719 827 2770; x_wconf 87' lang='lat' dir='ltr'>quern</span> <span class='ocrx_word' id='word_1_256' title='bbox 845 2705 953 2770; x_wconf 82' lang='lat' dir='ltr'>Jupiter</span> <span class='ocrx_word' id='word_1_257' title='bbox 970 2704 1077 2755; x_wconf 80' lang='lat' dir='ltr'>fulmine</span> <span class='ocrx_word' id='word_1_258' title='bbox 1100 2707 1181 2755; x_wconf 89' lang='lat' dir='ltr'>ictum</span> <span class='ocrx_word' id='word_1_259' title='bbox 1199 2703 1285 2755; x_wconf 73' lang='lat' dir='ltr'>AEtn·</span> 
     </span>
     <span class='ocr_line' id='line_1_30' title="bbox 179 2779 1286 2845; baseline 0.001 -16"><span class='ocrx_word' id='word_1_260' title='bbox 179 2787 291 2830; x_wconf 85' lang='lat' dir='ltr'>testatur</span> <span class='ocrx_word' id='word_1_261' title='bbox 302 2781 448 2831; x_wconf 84' lang='lat' dir='ltr'>Homerus:</span> <span class='ocrx_word' id='word_1_262' title='bbox 467 2781 512 2845; x_wconf 89' lang='lat' dir='ltr'>qui</span> <span class='ocrx_word' id='word_1_263' title='bbox 532 2779 599 2828; x_wconf 91' lang='lat' dir='ltr'>illius</span> <span class='ocrx_word' id='word_1_264' title='bbox 613 2780 647 2829; x_wconf 92' lang='lat' dir='ltr'>de</span> <span class='ocrx_word' id='word_1_265' title='bbox 658 2781 709 2830; x_wconf 79' lang='lat' dir='ltr'>Pe·</span> <span class='ocrx_word' id='word_1_266' title='bbox 749 2781 832 2830; x_wconf 84' lang='lat' dir='ltr'>monti</span> <span class='ocrx_word' id='word_1_267' title='bbox 843 2782 989 2844; x_wconf 74' lang='lat' dir='ltr'>supposuit.</span> <span class='ocrx_word' id='word_1_268' title='bbox 1017 2780 1091 2845; x_wconf 74' lang='lat' dir='ltr'>Virg.</span> <span class='ocrx_word' id='word_1_269' title='bbox 1101 2791 1144 2831; x_wconf 84' lang='grc' dir='ltr'><strong>ιιι.</strong></span> <span class='ocrx_word' id='word_1_270' title='bbox 1155 2781 1286 2831; x_wconf 74' lang='lat' dir='ltr'>AEn‘i&#39;a-</span> 
     </span>
     <span class='ocr_line' id='line_1_31' title="bbox 177 2854 1286 2920; baseline 0.001 -16"><span class='ocrx_word' id='word_1_271' title='bbox 177 2855 255 2905; x_wconf 85' lang='lat' dir='ltr'>trucli</span> <span class='ocrx_word' id='word_1_272' title='bbox 262 2862 346 2905; x_wconf 87' lang='lat' dir='ltr'>morte</span> <span class='ocrx_word' id='word_1_273' title='bbox 358 2855 478 2920; x_wconf 85' lang='lat' dir='ltr'>querelas</span> <span class='ocrx_word' id='word_1_274' title='bbox 489 2862 517 2904; x_wconf 85' lang='lat' dir='ltr'>at</span> <span class='ocrx_word' id='word_1_275' title='bbox 528 2869 653 2906; x_wconf 86' lang='lat' dir='ltr'>moerores</span> <span class='ocrx_word' id='word_1_276' title='bbox 663 2855 708 2906; x_wconf 89' lang='lat' dir='ltr'>de·</span> <span class='ocrx_word' id='word_1_277' title='bbox 748 2862 849 2906; x_wconf 87' lang='lat' dir='ltr'>maest</span> <span class='ocrx_word' id='word_1_278' title='bbox 866 2855 990 2906; x_wconf 75' lang='lat' dir='ltr'>Enceladi</span> <span class='ocrx_word' id='word_1_279' title='bbox 1006 2857 1156 2906; x_wconf 87' lang='lat' dir='ltr'>semiustum</span> <span class='ocrx_word' id='word_1_280' title='bbox 1175 2854 1286 2906; x_wconf 79' lang='lat' dir='ltr'>fulmine</span> 
     </span>
     <span class='ocr_line' id='line_1_32' title="bbox 179 2928 1285 2997; baseline 0.001 -17"><span class='ocrx_word' id='word_1_281' title='bbox 179 2928 279 2980; x_wconf 79' lang='lat' dir='ltr'>scribit.</span> <span class='ocrx_word' id='word_1_282' title='bbox 750 2945 846 2996; x_wconf 87' lang='lat' dir='ltr'>corpus</span> <span class='ocrx_word' id='word_1_283' title='bbox 861 2931 957 2997; x_wconf 70' lang='lat' dir='ltr'>Urgeri</span> <span class='ocrx_word' id='word_1_284' title='bbox 977 2931 1045 2981; x_wconf 87' lang='lat' dir='ltr'>mole</span> <span class='ocrx_word' id='word_1_285' title='bbox 1061 2931 1120 2992; x_wconf 83' lang='lat' dir='ltr'>isac,</span> <span class='ocrx_word' id='word_1_286' title='bbox 1138 2930 1285 2994; x_wconf 71' lang='lat' dir='ltr'>ingentem·</span> 
     </span>
     <span class='ocr_line' id='line_1_33' title="bbox 211 3004 1209 3074; baseline 0.001 -19"><span class='ocrx_word' id='word_1_287' title='bbox 211 3010 244 3055; x_wconf 76' lang='lat'>88</span> <span class='ocrx_word' id='word_1_288' title='bbox 261 3005 466 3071; x_wconf 74' lang='lat' dir='ltr'>Hiofaieuides]</span> <span class='ocrx_word' id='word_1_289' title='bbox 492 3006 627 3058; x_wconf 82' lang='lat' dir='ltr'>Ixionides</span> <span class='ocrx_word' id='word_1_290' title='bbox 647 3007 712 3060; x_wconf 89' lang='lat' dir='ltr'>dici·</span> <span class='ocrx_word' id='word_1_291' title='bbox 752 3004 1209 3074; x_wconf 81' lang='lat' dir='ltr'>qneinsuperAEtusurlmpositanr.’</span> 
     </span>
     <span class='ocr_line' id='line_1_34' title="bbox 180 3080 1284 3153; baseline -0.001 -21"><span class='ocrx_word' id='word_1_292' title='bbox 180 3087 224 3133; x_wconf 89' lang='lat' dir='ltr'>tnr</span> <span class='ocrx_word' id='word_1_293' title='bbox 235 3083 380 3150; x_wconf 82' lang='lat' dir='ltr'>Pirithous,</span> <span class='ocrx_word' id='word_1_294' title='bbox 395 3083 465 3149; x_wconf 88' lang='lat' dir='ltr'>quod</span> <span class='ocrx_word' id='word_1_295' title='bbox 479 3083 578 3134; x_wconf 84' lang='lat' dir='ltr'>lxiouis</span> <span class='ocrx_word' id='word_1_296' title='bbox 594 3083 661 3135; x_wconf 86' lang='lat' dir='ltr'>dlius</span> <span class='ocrx_word' id='word_1_297' title='bbox 674 3083 713 3153; x_wconf 80' lang='lat' dir='ltr'>fu·</span> <span class='ocrx_word' id='word_1_298' title='bbox 782 3087 815 3134; x_wconf 76' lang='lat'>4⁰</span> <span class='ocrx_word' id='word_1_299' title='bbox 831 3083 942 3147; x_wconf 63' lang='lat' dir='ltr'>Argum</span> <span class='ocrx_word' id='word_1_300' title='bbox 950 3088 1046 3148; x_wconf 80' lang='lat' dir='ltr'>pectore</span> <span class='ocrx_word' id='word_1_301' title='bbox 1058 3080 1230 3145; x_wconf 73' lang='lat' dir='ltr'>Callistratus]</span> <span class='ocrx_word' id='word_1_302' title='bbox 1247 3081 1284 3132; x_wconf 83' lang='lat' dir='ltr'>E·</span> 
     </span>
     <span class='ocr_line' id='line_1_35' title="bbox 179 3157 1284 3226; baseline -0.002 -16"><span class='ocrx_word' id='word_1_303' title='bbox 179 3160 238 3210; x_wconf 87' lang='lat' dir='ltr'>erit.</span> <span class='ocrx_word' id='word_1_304' title='bbox 749 3161 877 3224; x_wconf 82' lang='lat' dir='ltr'>legiaruru</span> <span class='ocrx_word' id='word_1_305' title='bbox 899 3161 1025 3224; x_wconf 88' lang='lat' dir='ltr'>scriptor,</span> <span class='ocrx_word' id='word_1_306' title='bbox 1042 3159 1086 3226; x_wconf 83' lang='lat' dir='ltr'>qui</span> <span class='ocrx_word' id='word_1_307' title='bbox 1104 3157 1196 3222; x_wconf 74' lang='lat' dir='ltr'>grandi</span> <span class='ocrx_word' id='word_1_308' title='bbox 1213 3160 1284 3222; x_wconf 81' lang='lat' dir='ltr'>stylo</span> 
     </span>
     <span class='ocr_line' id='line_1_36' title="bbox 212 3232 1284 3300; baseline -0.001 -15"><span class='ocrx_word' id='word_1_309' title='bbox 212 3235 384 3299; x_wconf 80' lang='lat' dir='ltr'>dfeaaticdea]</span> <span class='ocrx_word' id='word_1_310' title='bbox 416 3237 567 3287; x_wconf 86' lang='lat' dir='ltr'>Patroclum</span> <span class='ocrx_word' id='word_1_311' title='bbox 589 3235 709 3288; x_wconf 83' lang='lat' dir='ltr'>Menoetii</span> <span class='ocrx_word' id='word_1_312' title='bbox 751 3236 843 3285; x_wconf 84' lang='lat' dir='ltr'>etalio</span> <span class='ocrx_word' id='word_1_313' title='bbox 859 3249 912 3286; x_wconf 89' lang='lat' dir='ltr'>non</span> <span class='ocrx_word' id='word_1_314' title='bbox 931 3235 1043 3300; x_wconf 78' lang='lat' dir='ltr'>assurgit</span> <span class='ocrx_word' id='word_1_315' title='bbox 1059 3234 1195 3296; x_wconf 83' lang='lat' dir='ltr'>codrurno,</span> <span class='ocrx_word' id='word_1_316' title='bbox 1213 3232 1284 3284; x_wconf 82' lang='lat' dir='ltr'>belis</span> 
     </span>
     <span class='ocr_line' id='line_1_37' title="bbox 177 3305 1284 3376; baseline 0.002 -20"><span class='ocrx_word' id='word_1_317' title='bbox 177 3305 259 3358; x_wconf 84' lang='lat' dir='ltr'>iillum</span> <span class='ocrx_word' id='word_1_318' title='bbox 271 3311 404 3374; x_wconf 75' lang='lat' dir='ltr'>intelligit,</span> <span class='ocrx_word' id='word_1_319' title='bbox 416 3311 461 3376; x_wconf 86' lang='lat' dir='ltr'>qai</span> <span class='ocrx_word' id='word_1_320' title='bbox 469 3309 552 3362; x_wconf 86' lang='lat' dir='ltr'>frater</span> <span class='ocrx_word' id='word_1_321' title='bbox 562 3311 614 3362; x_wconf 90' lang='lat' dir='ltr'>fnit</span> <span class='ocrx_word' id='word_1_322' title='bbox 625 3312 709 3364; x_wconf 89' lang='lat' dir='ltr'>Pelei.</span> <span class='ocrx_word' id='word_1_323' title='bbox 751 3309 867 3362; x_wconf 82' lang='lat' dir='ltr'>seribere</span> <span class='ocrx_word' id='word_1_324' title='bbox 877 3325 929 3361; x_wconf 89' lang='lat' dir='ltr'>non</span> <span class='ocrx_word' id='word_1_325' title='bbox 940 3311 1027 3372; x_wconf 62' lang='lat' dir='ltr'>valen</span> <span class='ocrx_word' id='word_1_326' title='bbox 1043 3309 1127 3375; x_wconf 85' lang='lat' dir='ltr'>qualis</span> <span class='ocrx_word' id='word_1_327' title='bbox 1145 3317 1189 3358; x_wconf 85' lang='lat' dir='ltr'>est</span> <span class='ocrx_word' id='word_1_328' title='bbox 1203 3308 1284 3358; x_wconf 84' lang='lat' dir='ltr'>Calli·</span> 
     </span>
     <span class='ocr_line' id='line_1_38' title="bbox 178 3384 1282 3452; baseline 0.002 -20"><span class='ocrx_word' id='word_1_329' title='bbox 178 3384 306 3435; x_wconf 81' lang='lat' dir='ltr'>Meuoetiu</span> <span class='ocrx_word' id='word_1_330' title='bbox 317 3385 435 3437; x_wconf 83' lang='lat' dir='ltr'>Achilles</span> <span class='ocrx_word' id='word_1_331' title='bbox 451 3389 605 3452; x_wconf 85' lang='lat' dir='ltr'>promiserat</span> <span class='ocrx_word' id='word_1_332' title='bbox 623 3403 652 3438; x_wconf 86' lang='lat' dir='ltr'>se</span> <span class='ocrx_word' id='word_1_333' title='bbox 671 3401 711 3438; x_wconf 90' lang='lat' dir='ltr'>re·</span> <span class='ocrx_word' id='word_1_334' title='bbox 751 3384 1282 3450; x_wconf 83' lang='lat' dir='ltr'>macnus,cuisetacitePropertiuscom-</span> 
     </span>
     <span class='ocr_line' id='line_1_39' title="bbox 178 3459 1284 3528; baseline 0.004 -20"><span class='ocrx_word' id='word_1_335' title='bbox 178 3459 316 3510; x_wconf 88' lang='lat' dir='ltr'>ducturnm</span> <span class='ocrx_word' id='word_1_336' title='bbox 324 3462 375 3525; x_wconf 90' lang='lat' dir='ltr'>ipsi</span> <span class='ocrx_word' id='word_1_337' title='bbox 385 3461 465 3513; x_wconf 81' lang='lat' dir='ltr'>filiurn</span> <span class='ocrx_word' id='word_1_338' title='bbox 474 3464 627 3516; x_wconf 73' lang='lat' dir='ltr'>Patroclum</span> <span class='ocrx_word' id='word_1_339' title='bbox 638 3464 710 3515; x_wconf 88' lang='lat' dir='ltr'>ineo·</span> <span class='ocrx_word' id='word_1_340' title='bbox 752 3472 846 3528; x_wconf 74' lang='lat' dir='ltr'>parm</span> <span class='ocrx_word' id='word_1_341' title='bbox 862 3464 934 3527; x_wconf 86' lang='lat' dir='ltr'>errjns</span> <span class='ocrx_word' id='word_1_342' title='bbox 944 3461 1065 3512; x_wconf 88' lang='lat' dir='ltr'>nimirum</span> <span class='ocrx_word' id='word_1_343' title='bbox 1076 3461 1179 3512; x_wconf 88' lang='lat' dir='ltr'>mollior</span> <span class='ocrx_word' id='word_1_344' title='bbox 1196 3469 1239 3512; x_wconf 91' lang='lat' dir='ltr'>est</span> <span class='ocrx_word' id='word_1_345' title='bbox 1254 3467 1284 3512; x_wconf 84' lang='lat' dir='ltr'>at</span> 
     </span>
     <span class='ocr_line' id='line_1_40' title="bbox 176 3537 1282 3606; baseline 0.005 -20"><span class='ocrx_word' id='word_1_346' title='bbox 176 3537 272 3587; x_wconf 66' lang='lat' dir='ltr'>vinruens</span> <span class='ocrx_word' id='word_1_347' title='bbox 292 3552 308 3588; x_wconf 90' lang='lat' dir='ltr'>e</span> <span class='ocrx_word' id='word_1_348' title='bbox 326 3537 397 3588; x_wconf 85' lang='lat' dir='ltr'>bello</span> <span class='ocrx_word' id='word_1_349' title='bbox 412 3540 534 3604; x_wconf 62' lang='lat' dir='ltr'>Trojano,</span> <span class='ocrx_word' id='word_1_350' title='bbox 552 3541 622 3606; x_wconf 84' lang='lat' dir='ltr'>quod</span> <span class='ocrx_word' id='word_1_351' title='bbox 642 3555 708 3605; x_wconf 84' lang='lat' dir='ltr'>prae·</span> <span class='ocrx_word' id='word_1_352' title='bbox 750 3539 872 3592; x_wconf 88' lang='lat' dir='ltr'>blandior</span> <span class='ocrx_word' id='word_1_353' title='bbox 883 3539 1014 3590; x_wconf 87' lang='lat' dir='ltr'>scribendi</span> <span class='ocrx_word' id='word_1_354' title='bbox 1025 3540 1127 3605; x_wconf 86' lang='lat' dir='ltr'>modus,</span> <span class='ocrx_word' id='word_1_355' title='bbox 1141 3546 1172 3591; x_wconf 89' lang='lat' dir='ltr'>ut</span> <span class='ocrx_word' id='word_1_356' title='bbox 1189 3539 1282 3604; x_wconf 90' lang='lat' dir='ltr'>duces,</span> 
     </span>
     <span class='ocr_line' id='line_1_41' title="bbox 177 3612 1283 3680; baseline 0.007 -20"><span class='ocrx_word' id='word_1_357' title='bbox 177 3617 248 3662; x_wconf 64' lang='lat' dir='ltr'>aare</span> <span class='ocrx_word' id='word_1_358' title='bbox 259 3627 312 3662; x_wconf 88' lang='lat' dir='ltr'>uon</span> <span class='ocrx_word' id='word_1_359' title='bbox 331 3612 427 3676; x_wconf 89' lang='lat' dir='ltr'>potuit,</span> <span class='ocrx_word' id='word_1_360' title='bbox 445 3627 505 3664; x_wconf 87' lang='lat' dir='ltr'>curn</span> <span class='ocrx_word' id='word_1_361' title='bbox 523 3613 660 3664; x_wconf 84' lang='lat' dir='ltr'>Patroclus</span> <span class='ocrx_word' id='word_1_362' title='bbox 676 3615 711 3665; x_wconf 85' lang='lat' dir='ltr'>ab</span> <span class='ocrx_word' id='word_1_363' title='bbox 750 3616 889 3679; x_wconf 86' lang='lat' dir='ltr'>etlseroas,</span> <span class='ocrx_word' id='word_1_364' title='bbox 908 3622 936 3666; x_wconf 90' lang='lat' dir='ltr'>et</span> <span class='ocrx_word' id='word_1_365' title='bbox 954 3615 1023 3666; x_wconf 85' lang='lat' dir='ltr'>bella</span> <span class='ocrx_word' id='word_1_366' title='bbox 1040 3617 1126 3680; x_wconf 84' lang='lat' dir='ltr'>possit</span> <span class='ocrx_word' id='word_1_367' title='bbox 1138 3616 1283 3668; x_wconf 87' lang='lat' dir='ltr'>celebrare.</span> 
     </span>
     <span class='ocr_line' id='line_1_42' title="bbox 178 3685 1282 3758; baseline 0.007 -22"><span class='ocrx_word' id='word_1_368' title='bbox 178 3685 296 3739; x_wconf 81' lang='lat' dir='ltr'>Hectore</span> <span class='ocrx_word' id='word_1_369' title='bbox 306 3686 400 3739; x_wconf 73' lang='lat' dir='ltr'>finisset</span> <span class='ocrx_word' id='word_1_370' title='bbox 410 3689 522 3741; x_wconf 88' lang='lat' dir='ltr'>occisus.</span> <span class='ocrx_word' id='word_1_371' title='bbox 749 3692 832 3744; x_wconf 82' lang='lat' dir='ltr'>Juxta</span> <span class='ocrx_word' id='word_1_372' title='bbox 843 3691 907 3741; x_wconf 89' lang='lat' dir='ltr'>illud</span> <span class='ocrx_word' id='word_1_373' title='bbox 918 3692 960 3743; x_wconf 81' lang='lat' dir='ltr'>Ei.</span> <span class='ocrx_word' id='word_1_374' title='bbox 971 3693 1019 3744; x_wconf 85' lang='lat' dir='ltr'>ult.</span> <span class='ocrx_word' id='word_1_375' title='bbox 1028 3693 1081 3758; x_wconf 86' lang='lat' dir='ltr'>huj.</span> <span class='ocrx_word' id='word_1_376' title='bbox 1093 3692 1141 3744; x_wconf 89' lang='lat' dir='ltr'>lib.</span> <span class='ocrx_word' id='word_1_377' title='bbox 1157 3695 1210 3743; x_wconf 77' lang='lat' dir='ltr'>‘lit</span> <span class='ocrx_word' id='word_1_378' title='bbox 1227 3707 1282 3744; x_wconf 88' lang='lat' dir='ltr'>non</span> 
     </span>
     <span class='ocr_line' id='line_1_43' title="bbox 209 3765 1283 3831; baseline 0.007 -17"><span class='ocrx_word' id='word_1_379' title='bbox 209 3767 243 3814; x_wconf 77' lang='lat'>89</span> <span class='ocrx_word' id='word_1_380' title='bbox 258 3765 396 3827; x_wconf 71' lang='lat' dir='ltr'>Phlegraea</span> <span class='ocrx_word' id='word_1_381' title='bbox 412 3765 483 3815; x_wconf 78' lang='lat' dir='ltr'>dosis</span> <span class='ocrx_word' id='word_1_382' title='bbox 502 3766 658 3831; x_wconf 74' lang='lat' dir='ltr'>Enceladique</span> <span class='ocrx_word' id='word_1_383' title='bbox 666 3771 706 3817; x_wconf 79' lang='lat' dir='ltr'>iu·</span> <span class='ocrx_word' id='word_1_384' title='bbox 748 3765 831 3817; x_wconf 89' lang='lat' dir='ltr'>infiati</span> <span class='ocrx_word' id='word_1_385' title='bbox 841 3769 941 3818; x_wconf 87' lang='lat' dir='ltr'>somnia</span> <span class='ocrx_word' id='word_1_386' title='bbox 950 3769 1119 3821; x_wconf 64' lang='lat' dir='ltr'>Callimachi!</span> <span class='ocrx_word' id='word_1_387' title='bbox 1141 3768 1283 3821; x_wconf 83' lang='lat' dir='ltr'>UndeOr.</span> 
     </span>
     <span class='ocr_line' id='line_1_44' title="bbox 176 3838 1282 3907; baseline 0.009 -20"><span class='ocrx_word' id='word_1_388' title='bbox 176 3838 275 3904; x_wconf 64' lang='lat' dir='ltr'>umus]</span> <span class='ocrx_word' id='word_1_389' title='bbox 301 3841 424 3891; x_wconf 78' lang='lat' dir='ltr'>Diximus</span> <span class='ocrx_word' id='word_1_390' title='bbox 445 3856 523 3906; x_wconf 86' lang='lat' dir='ltr'>supra</span> <span class='ocrx_word' id='word_1_391' title='bbox 542 3842 707 3907; x_wconf 64' lang='lat' dir='ltr'>Phlegraeus</span> <span class='ocrx_word' id='word_1_392' title='bbox 748 3843 1282 3897; x_wconf 71' lang='lat' dir='ltr'>r.Rem.Anu‘cellimaclrlnnmerisuon</span> 
     </span>
     <span class='ocr_line' id='line_1_45' title="bbox 177 3916 1061 3985; baseline 0.006 -21"><span class='ocrx_word' id='word_1_393' title='bbox 177 3927 295 3979; x_wconf 77' lang='lat' dir='ltr'>osupum</span> <span class='ocrx_word' id='word_1_394' title='bbox 307 3917 333 3968; x_wconf 85' lang='lat' dir='ltr'>in</span> <span class='ocrx_word' id='word_1_395' title='bbox 342 3917 420 3968; x_wconf 86' lang='lat' dir='ltr'>Italia</span> <span class='ocrx_word' id='word_1_396' title='bbox 428 3916 510 3969; x_wconf 90' lang='lat' dir='ltr'>fuisse</span> <span class='ocrx_word' id='word_1_397' title='bbox 517 3919 596 3985; x_wconf 84' lang='lat' dir='ltr'>juxta</span> <span class='ocrx_word' id='word_1_398' title='bbox 604 3919 708 3984; x_wconf 83' lang='lat' dir='ltr'>Cumas,</span> <span class='ocrx_word' id='word_1_399' title='bbox 746 3926 788 3970; x_wconf 88' lang='lat' dir='ltr'>est</span> <span class='ocrx_word' id='word_1_400' title='bbox 798 3919 921 3970; x_wconf 86' lang='lat' dir='ltr'>dicendus</span> <span class='ocrx_word' id='word_1_401' title='bbox 928 3918 1061 3970; x_wconf 69' lang='lat' dir='ltr'>Achilles!</span> 
     </span>
     <span class='ocr_line' id='line_1_46' title="bbox 176 3988 1280 4061; baseline 0.008 -23"><span class='ocrx_word' id='word_1_402' title='bbox 176 3988 221 4040; x_wconf 86' lang='lat' dir='ltr'>nbi</span> <span class='ocrx_word' id='word_1_403' title='bbox 242 3990 393 4044; x_wconf 86' lang='lat' dir='ltr'>fabulentur</span> <span class='ocrx_word' id='word_1_404' title='bbox 414 3992 565 4045; x_wconf 87' lang='lat' dir='ltr'>decertasse</span> <span class='ocrx_word' id='word_1_405' title='bbox 591 3994 708 4058; x_wconf 74' lang='lat' dir='ltr'>gigantes</span> <span class='ocrx_word' id='word_1_406' title='bbox 778 4000 813 4047; x_wconf 72' lang='lat'>42</span> <span class='ocrx_word' id='word_1_407' title='bbox 829 3996 934 4046; x_wconf 74' lang='lat' dir='ltr'>Caesaris</span> <span class='ocrx_word' id='word_1_408' title='bbox 948 3995 975 4045; x_wconf 81' lang='lat' dir='ltr'>is</span> <span class='ocrx_word' id='word_1_409' title='bbox 991 3995 1112 4060; x_wconf 73' lang='lat' dir='ltr'>Pirpgios</span> <span class='ocrx_word' id='word_1_410' title='bbox 1127 3995 1196 4061; x_wconf 85' lang='lat' dir='ltr'>coos]</span> <span class='ocrx_word' id='word_1_411' title='bbox 1225 3995 1280 4047; x_wconf 85' lang='lat' dir='ltr'>Re·</span> 
     </span>
     <span class='ocr_line' id='line_1_47' title="bbox 177 4067 1280 4136; baseline 0.006 -20"><span class='ocrx_word' id='word_1_412' title='bbox 177 4078 235 4116; x_wconf 84' lang='lat' dir='ltr'>cunr</span> <span class='ocrx_word' id='word_1_413' title='bbox 246 4067 377 4120; x_wconf 78' lang='lat' dir='ltr'>Hercule:</span> <span class='ocrx_word' id='word_1_414' title='bbox 395 4068 498 4120; x_wconf 83' lang='lat' dir='ltr'>sedeat</span> <span class='ocrx_word' id='word_1_415' title='bbox 514 4070 705 4121; x_wconf 84' lang='lat' dir='ltr'>etalterPhie-</span> <span class='ocrx_word' id='word_1_416' title='bbox 747 4069 817 4120; x_wconf 85' lang='lat' dir='ltr'>ferre</span> <span class='ocrx_word' id='word_1_417' title='bbox 832 4071 857 4120; x_wconf 89' lang='lat' dir='ltr'>iu</span> <span class='ocrx_word' id='word_1_418' title='bbox 879 4083 1013 4120; x_wconf 85' lang='lat' dir='ltr'>nnmerum</span> <span class='ocrx_word' id='word_1_419' title='bbox 1028 4070 1136 4121; x_wconf 84' lang='lat' dir='ltr'>heroum</span> <span class='ocrx_word' id='word_1_420' title='bbox 1153 4072 1280 4136; x_wconf 75' lang='lat' dir='ltr'>Trojano·</span> 
     </span>
     <span class='ocr_line' id='line_1_48' title="bbox 177 4143 1279 4212; baseline 0.006 -22"><span class='ocrx_word' id='word_1_421' title='bbox 177 4153 263 4204; x_wconf 76' lang='lat' dir='ltr'>graus</span> <span class='ocrx_word' id='word_1_422' title='bbox 275 4157 382 4209; x_wconf 85' lang='lat' dir='ltr'>campus</span> <span class='ocrx_word' id='word_1_423' title='bbox 399 4145 426 4195; x_wconf 89' lang='lat' dir='ltr'>iu</span> <span class='ocrx_word' id='word_1_424' title='bbox 443 4145 588 4210; x_wconf 75' lang='lat' dir='ltr'>llressalia,</span> <span class='ocrx_word' id='word_1_425' title='bbox 606 4145 705 4212; x_wconf 87' lang='lat' dir='ltr'>dequo</span> <span class='ocrx_word' id='word_1_426' title='bbox 746 4159 811 4206; x_wconf 86' lang='lat' dir='ltr'>rum,</span> <span class='ocrx_word' id='word_1_427' title='bbox 823 4143 953 4208; x_wconf 81' lang='lat' dir='ltr'>Assaraci,</span> <span class='ocrx_word' id='word_1_428' title='bbox 965 4143 1063 4208; x_wconf 77' lang='lat' dir='ltr'>illusas,</span> <span class='ocrx_word' id='word_1_429' title='bbox 1084 4151 1113 4196; x_wconf 89' lang='lat' dir='ltr'>et</span> <span class='ocrx_word' id='word_1_430' title='bbox 1129 4143 1191 4212; x_wconf 88' lang='lat' dir='ltr'>iuli,</span> <span class='ocrx_word' id='word_1_431' title='bbox 1208 4145 1279 4197; x_wconf 91' lang='lat' dir='ltr'>unde</span> 
     </span>
     <span class='ocr_line' id='line_1_49' title="bbox 177 4215 1133 4287; baseline 0.003 -20"><span class='ocrx_word' id='word_1_432' title='bbox 177 4215 215 4268; x_wconf 88' lang='lat' dir='ltr'>sio</span> <span class='ocrx_word' id='word_1_433' title='bbox 227 4217 340 4270; x_wconf 79' lang='lat' dir='ltr'>Solinus:</span> <span class='ocrx_word' id='word_1_434' title='bbox 355 4219 508 4272; x_wconf 79' lang='lat' dir='ltr'>‘Admonet</span> <span class='ocrx_word' id='word_1_435' title='bbox 518 4221 642 4287; x_wconf 74' lang='lat' dir='ltr'>Phlegra,</span> <span class='ocrx_word' id='word_1_436' title='bbox 653 4222 706 4286; x_wconf 87' lang='lat' dir='ltr'>nbi,</span> <span class='ocrx_word' id='word_1_437' title='bbox 746 4235 809 4286; x_wconf 78' lang='lat' dir='ltr'>psus</span> <span class='ocrx_word' id='word_1_438' title='bbox 820 4220 891 4272; x_wconf 78' lang='lat' dir='ltr'>dulia</span> <span class='ocrx_word' id='word_1_439' title='bbox 901 4221 976 4272; x_wconf 81' lang='lat' dir='ltr'>duxit</span> <span class='ocrx_word' id='word_1_440' title='bbox 985 4220 1120 4286; x_wconf 74' lang='lat' dir='ltr'>originem.</span> <span class='ocrx_word' id='word_1_441' title='bbox 1131 4229 1133 4239; x_wconf 58' lang='lat'><em>¹</em></span> 
     </span>
    </p>
   </div>
   <div class='ocr_carea' id='block_1_9' title="bbox 0 0 1448 4768">
    <p class='ocr_par' dir='ltr' id='par_1_9' title="bbox 0 0 1448 4768">
     <span class='ocr_line' id='line_1_50' title="bbox 0 0 1448 4768; baseline 0 2"><span class='ocrx_word' id='word_1_442' title='bbox 0 0 1448 4768; x_wconf 95' lang='lat' dir='ltr'> </span> 
     </span>
    </p>
   </div>
  </div>
 </body>
</html>
