2920 4770
217 301 263 372 68
519 312 753 364 unsrruosra
779 311 825 362 nr
847 309 1002 360 runrcra

329 503 532 572 Frunciscns
544 502 718 570 vavassor
731 501 806 568 ltu.
820 499 864 566 de
879 499 1024 566 Lndlcra
1038 499 1207 566 Dictions.

265 624 369 703 Galli,
384 623 443 706 qui
457 621 647 688 duriuscule
658 627 794 705 putatur
807 619 1000 705 scripsisse,
1012 618 1095 684 nihil
1107 617 1256 704 perrem't
1270 615 1314 681 od

221 745 297 805 nos,
308 725 428 810 injuria
440 731 475 790 et
488 723 664 808 iniquitate
679 730 872 806 temporum.
914 719 1097 797 Tibullum,
1116 721 1165 786 ita
1179 723 1315 794 uteret,

222 828 424 911 accepimus,
439 825 610 890 excultum
624 829 723 908 atque
746 823 943 908 expolitum.
987 821 1049 888 Est
1064 819 1260 904 Propertius
1279 819 1317 883 in

223 929 389 1006 menibus,
405 934 440 992 st
454 928 521 992 oris
534 925 647 1010 blandi
661 923 774 1009 poeta,
787 930 820 990 et
834 923 960 990 alueris
982 921 1131 1006 spiritus,
1145 925 1179 986 et
1192 919 1317 986 fabulis

224 1031 351 1106 creber,
367 1035 403 1093 et
417 1027 603 1092 imitatione
617 1027 815 1092 Graecorum
829 1025 959 1088 doctus.

261 1196 367 1265 Olaus
382 1196 587 1276 Borrichins‚
602 1193 802 1280 Cogitation.
816 1193 858 1259 de
872 1189 986 1258 Variis
1001 1191 1141 1277 Lingua
1155 1194 1284 1259 Ianne

497 1297 672 1365 AEtatibus
688 1297 723 1360 in
737 1292 832 1361 Voce
856 1300 867 1330 ‘
883 1293 1045 1378 Vigilex!

269 1416 471 1518 Quanquam
493 1431 663 1496 Sidonium
686 1429 769 1495 inter
792 1429 905 1514 capite
928 1447 1048 1495 censos
1063 1449 1130 1494 non
1145 1427 1318 1494 existima-¹

225 1555 300 1601 mus
314 1534 563 1610 numerandum,
575 1533 630 1597 hic
645 1539 757 1597 tamen
771 1549 838 1595 non
859 1538 927 1596 tam
952 1530 1136 1610 Sidonium,
1151 1535 1253 1615 quam
1266 1532 1317 1596 in·

225 1633 638 1721 corruptissimos-latinu
657 1631 779 1712 linguae
800 1637 954 1696 auctores
978 1631 1189 1716 Propertium
1204 1639 1240 1697 et
1252 1629 1318 1698 Cn-

226 1737 392 1804 lnmellam
408 1755 611 1812 veneramur,
626 1734 723 1799 vocis
738 1732 839 1815 hujus
854 1739 1025 1816 patronos.

270 1905 437 1971 Octavius
450 1903 636 1980 Ferrarius,
656 1897 810 1986 Epistola
824 1901 869 1966 ad
885 1901 1006 1968 Franc.
1030 1903 1275 1990 Sparaverinm.

269 2039 373 2106 Erant
386 2039 520 2124 quidem
535 2038 623 2104 oculi
642 2039 707 2103 mei
730 2038 959 2104 amoenissimo
970 2037 1226 2104 »vicentinorum
1249 2038 1318 2102 col·

225 2143 306 2207 lium
320 2147 458 2226 aspectu
473 2140 624 2219 recreati,
636 2160 723 2223 quos
739 2147 806 2206 tam
821 2141 987 2208 bacchata
998 2143 1104 2227 Lyaeo
1113 2142 1206 2227 juga,
1218 2157 1319 2224 quem

223 2241 387 2308 Veterum
399 2242 651 2325 magnificentie
664 2241 866 2309 decertantia
884 2243 1009 2308 civium
1023 2244 1181 2329 praetorio
1195 2239 1316 2306 nobili·

228 2350 328 2411 tant„
353 2343 409 2409 Ibi
423 2344 615 2429 qaindecim
638 2344 710 2409 dies
723 2345 837 2428 opimo
858 2346 1017 2429 aucupio,
1032 2351 1077 2424 et,
1093 2351 1131 2409 ut
1146 2363 1223 2409 cum
1238 2342 1320 2408 Pin·

229 2446 309 2514 daro
322 2447 451 2531 loquar,
465 2465 543 2512 urse
559 2445 726 2510 bullientis
748 2465 820 2512 rore
843 2449 1077 2529 spumantibus
1099 2445 1238 2532 pateris,
1258 2442 1319 2508 sed

227 2549 395 2634 pracipes
423 2545 709 2632 Propertianorum
734 2547 918 2614 carminum
943 2549 1129 2628 dulcedine,
1147 2544 1321 2632 jucundis·

229 2667 313 2714 srme
328 2667 434 2732 exegi.

230 2817 355 2882 Daniel
369 2816 534 2901 Georgius
558 2815 758 2896 Morhotius,
773 2820 833 2886 tib.
852 2821 896 2886 de
916 2821 1143 2888 Patavinitatc
1158 2817 1321 2884 hiriane:

233 2927 238 2936 '
699 2939 739 2983 ca
766 2966 774 2983 .
793 2921 846 2986 12.
1318 2917 1321 2925 '

272 3033 468 3118 Propertius
494 3033 622 3099 Umber
645 2937 913 3122 interlprincipes
937 3059 1047 3104 aureae
1068 3038 1180 3106 atatis
1202 3031 1322 3120 poetas

229 3137 374 3201 omnium
388 3135 554 3218 suffragiis
575 3139 754 3221 reponitur.
798 3137 932 3204 Primus
954 3142 1043 3206 enim
1065 3139 1226 3205 Italorum
1247 3136 1324 3202 Ele·

229 3237 317 3318 giam
331 3235 430 3302 latio
445 3237 590 3304 donavit.
634 3239 757 3306 Blandi
780 3241 848 3306 oris
873 3240 1017 3308 Ovidius
1036 3242 1133 3308 illum
1152 3245 1265 3318 vocet,
1288 3243 1324 3302 et

225 3336 303 3418 jnre
318 3336 464 3404 sodalitii
479 3340 545 3403 sibi
554 3339 710 3424 junctum
723 3341 856 3408 fatetur.

300 3505 448 3572 Jcannes
462 3505 620 3576 Albertns
643 3508 831 3589 Fabricius,
846 3513 879 3576 in
895 3509 1105 3579 Bibliotheca
1119 3511 1252 3578 Latine.

275 3639 399 3704 Sextus
409 3636 567 3708 Aurelius
576 3643 779 3727 Propertius,
791 3644 928 3723 Umber,
938 3665 1003 3711 non
1017 3648 1176 3713 minorem
1189 3644 1325 3710 landem

232 3741 365 3824 scriptis
379 3741 481 3824 elegis
496 3749 694 3808 consecutus
707 3749 770 3823 est,
785 3763 887 3828 quam
902 3747 994 3830 apud
1008 3746 1150 3812 Graecos
1165 3745 1325 3810 Callima-

231 3843 325 3920 ebus,
340 3840 474 3909 Gonsve
489 3843 649 3922 Philetas,
663 3863 752 3928 quos
777 3848 968 3912 aemulutnm
991 3869 1070 3914 esse
1093 3868 1131 3914 se
1152 3849 1226 3933 ipse
1237 3864 1325 3930 prm-

232 3944 333 4008 dicat.
366 3944 497 4010 Floruit
511 3948 614 4029 paulo
629 3953 703 4011 ante
718 3947 887 4013 Ovidium.
930 3951 1057 4016 Extant
1071 3949 1236 4034 Pr0pertii
1249 3948 1326 4012 libri

232 4052 376 4128 quatuor
390 4047 590 4130 Elegiarum,
603 4049 726 4114 lascivi
741 4052 879 4133 passim,
891 4057 1036 4118 ceterum
1048 4053 1249 4118 'libullianis
1259 4073 1327 4120 non

233 4147 455 4212 concedentes
469 4149 582 4231 lepore
596 4155 631 4212 et
644 4151 822 4232 elegantia,
838 4153 1021 4220 eruditione
1040 4173 1120 4220 vero
1133 4156 1210 4220 illos
1221 4156 1326 4220 etiam
