2920 4770
231 303 274 368 16
562 349 564 352 -
673 311 880 366 rrsrsmo.

230 465 308 544 ipsa
322 460 424 524 rerba
445 457 603 523 editionis
630 457 832 540 Rbegiensis
852 465 1056 541 correxerat3
1078 461 1137 525 ubi
1153 480 1259 544 prava
1272 461 1324 526 rel

231 579 358 646 anceps
372 560 470 625 maio
485 560 520 623 in
535 551 661 624 Cddice
671 559 882 637 occurrisset,
896 569 1111 644 apposuerat,
1133 566 1144 596 ‘
1161 561 1214 626 lta
1230 567 1325 627 vetus

230 663 262 726 is
274 661 390 727 Codex
401 661 421 742 ;'
441 661 566 726 multas
579 659 722 743 denique
745 660 956 745 conjecturas
978 666 1013 726 at
1031 663 1276 746 explicationes
1291 665 1326 728 in

230 763 377 846 margine
391 767 573 827 notaverat.

194 885 202 904 ⁴
274 863 372 929 Circa
384 863 473 929 idem
488 868 619 946 ternpus
633 861 677 927 ad
698 881 753 926 me
770 881 910 946 quoque
933 863 1052 930 delatoe
1076 869 1154 930 sunt
1176 865 1325 932 collatio-

230 985 298 1044 nes,
312 983 397 1049 quas
413 963 462 1028 M.
477 962 645 1056 Antonius
668 963 827 1028 Poccbus
845 963 883 1026 in
905 965 1052 1046 margine
1071 963 1207 1031 ,Aldinra
1228 966 1325 1032 laos.

230 1067 421 1150 scripserat.
476 1061 586 1141 Quem
610 1063 733 1128 librum
760 1081 837 1128 cnm
866 1063 945 1128 olim
983 1065 1094 1132 Inoas
1128 1066 1326 1133 Holstenius

232 1167 379 1233 Nicolao
397 1165 540 1230 Heinsio
555 1165 679 1230 muneri
691 1163 855 1243 dedisset,
871 1183 916 1228 ax
931 1166 1002 1250 aius
1017 1167 1170 1233 thesauro
1189 1168 1325 1233 librario

231 1291 265 1352 p.
279 1268 353 1334 118.
378 1287 411 1330 ιι.
435 1265 512 1332 619.
529 1265 564 1329 in
579 1265 613 1332 8·
639 1265 770 1329 transtu
788 1265 823 1328 in
847 1264 1080 1332 bibliothecam
1104 1267 1325 1334 Bodleinnarn

231 1369 368 1435 Oxonii.
414 1367 542 1434 Eadem
555 1367 761 1432 bibliotheca
773 1366 874 1431 babet
892 1367 1030 1432 alterurn
1045 1369 1216 1453 exemplar
1229 1367 1327 1436 Aldi-

230 1489 309 1536 num
334 1470 430 1535 lblb.
462 1469 518 1533 oui
541 1468 647 1533 multa
674 1468 847 1534 annotarit
872 1465 991 1534 Octar.
1014 1469 1207 1551 Ferrarius3
1234 1471 1324 1536 bunc

230 1572 334 1638 etiam
348 1570 467 1635 librum
483 1569 621 1636 Nicolai
636 1568 771 1634 Heinsii
796 1567 915 1648 fuisse,
940 1569 1069 1636 indicat
1091 1571 1272 1655 catalogus
1292 1592 1325 1656 p.

229 1674 305 1739 119.
330 1689 362 1736 n.
384 1673 461 1738 621.
485 1673 519 1736 in
542 1671 573 1736 8.
596 1689 641 1736 ex
669 1689 734 1754 quo
755 1669 882 1735 iactum
900 1672 1129 1756 apographum
1144 1681 1276 1738 nostras
1289 1675 1324 1739 iu

229 1793 349 1842 manus
374 1773 535 1857 peruenit
580 1771 624 1836 Et
646 1770 837 1837 Poccbiano
857 1779 894 1838 et
922 1771 1117 1840 Ferrariano
1141 1775 1225 1839 libro
1246 1795 1326 1840 usus

230 1875 331 1940 etiarn
345 1879 399 1939 est
413 1873 533 1938 Editor
546 1871 711 1956 Propertii
726 1872 1022 1955 Cmtabrigiensis,
1037 1875 1132 1959 cujas
1146 1875 1325 1940 editionem

229 1975 310 2040 mibi
325 1975 433 2040 oculis
448 1993 606 2059 usurpare
619 1993 784 2058 nunquam
803 1973 909 2040 licuit.
955 1975 1034 2042 Hoc
1057 1976 1186 2061 liquido
1211 1975 1327 2042 videor

230 2093 333 2160 posse
347 2075 522 2154 affirmare,
539 2076 719 2142 Antonium
735 2075 919 2155 Perreium,
934 2079 994 2161 qai
1003 2097 1122 2144 omnes
1131 2079 1201 2144 lere
1214 2078 1326 2162 expli-

230 2178 383 2243 cationes
398 2177 519 2243 Paccii
532 2178 753 2262 transcripsit,
778 2197 824 2243 ax
845 2178 989 2244 millenis
1012 2182 1225 2258 variantibus,
1239 2199 1326 2265 quas

229 2297 346 2344 omnes
361 2279 403 2343 ad
415 2297 557 2343 examen
566 2279 699 2355 rocavi,
711 2283 768 2342 aut
780 2297 970 2362 perpaucas
985 2287 1045 2345 aut
1057 2279 1169 2346 nullas
1177 2281 1325 2358 dedisse,

229 2398 306 2462 quae
319 2399 387 2444 non
400 2400 443 2445 ex
458 2379 578 2444 Puccii
590 2380 664 2444 sire
677 2378 790 2446 Valloe
804 2380 890 2445 libro
904 2389 1020 2447 essent
1033 2381 1197 2465 repetitae,
1211 2381 1267 2447 rel
1279 2399 1325 2447 ex

210 2471 378 2548 'Pontaui
408 2479 545 2557 Codice,
565 2499 663 2564 quern
683 2479 840 2545 Poccbus
863 2479 1058 2565 frequenter,
1088 2501 1346 2567 nonnunquam,
1438 2565 1442 2572 .

230 2583 330 2646 etiarn
340 2583 515 2648 Ferrarius
528 2581 653 2646 laudat.
676 2582 785 2646 Immo
797 2587 886 2648 recte
898 2583 1053 2649 distinxit
1067 2583 1219 2650 Petreius
1234 2584 1326 2649 Pon·

229 2683 299 2748 tani
314 2684 536 2767 conjecturas,
550 2701 635 2764 quas
649 2682 700 2746 sic
718 2686 829 2746 notat:
845 2687 857 2718 ‘
873 2681 969 2746 Pon!
983 2685 1036 2749 rel
1051 2688 1062 2718 ‘
1078 2682 1153 2750 Ρο.’
1167 2686 1210 2750 ab
1225 2684 1327 2750 Codi-

229 2783 329 2848 cibus
342 2783 415 2867 ejus
428 2785 517 2850 lectt
530 2803 617 2866 quas
638 2783 706 2848 ita:
728 2783 839 2848 ‘Pom
853 2781 902 2848 C!
939 2785 1092 2850 Poccbus
1103 2805 1248 2870 quoque,
1263 2787 1323 2869 qui

229 2889 321 2948 totos
346 2901 464 2948 versus
494 2902 541 2947 ex
571 2881 711 2948 Pontani
737 2883 865 2950 Codice
893 2885 998 2964 affert,
1020 2886 1123 2951 modo
1147 2887 1223 2951 dat:
1260 2885 1324 2950 Ὀ.

231 2981 341 3048 Pont'
355 2983 475 3048 modo:
499 2988 510 3018 ‘
525 2983 581 3048 Ita
594 2984 675 3064 legit
688 2982 810 3049 Pont⁸.'

272 3084 381 3149 Porro
405 3104 449 3150 ex
471 3084 642 3150 Pucciano
661 3087 846 3169 exemplari
860 3105 982 3152 ucvuru
995 3090 1140 3154 nuscitur
1153 3107 1326 3170 argumen-

229 3192 311 3263 tum,
327 3204 395 3268 quo
408 3185 627 3268 liquidissime
647 3186 900 3267 demonstretur,
917 3196 1042 3272 quanto
1066 3191 1100 3253 in
1123 3209 1230 3256 errore
1252 3210 1326 3255 ver-

230 3287 298 3350 sati
327 3288 394 3352 sint
418 3288 480 3351 viri
508 3288 642 3368 eruditi,
671 3309 748 3354 cum
775 3291 1018 3370 existimarant,
1044 3311 1159 3356 omnes
1189 3293 1325 3357 omnino

230 3386 400 3470 Propertii
414 3386 522 3453 codd.
537 3409 581 3453 ex
602 3391 700 3454 unico
726 3391 795 3468 illo,
812 3393 869 3475 qui
892 3393 1045 3458 Pontano
1071 3393 1325 3459 adolescentulo

229 3488 265 3552 iu
278 3488 364 3553 cella
377 3489 506 3554 einana
519 3491 673 3556 iuventus
694 3493 750 3570 sit,
765 3492 922 3574 fluxisse3
944 3513 1017 3572 nec,
1032 3501 1153 3578 praeter
1167 3495 1212 3572 id,
1223 3495 1325 3560 ullum

228 3595 393 3653 vetustum
407 3589 504 3672 hujus
519 3591 628 3674 poiitae
642 3594 814 3675 exemplar
829 3594 978 3658 inveniri.
1023 3594 1159 3659 Dudum
1173 3594 1324 3678 equidem

230 3688 273 3752 de
290 3691 429 3754 cantate
444 3689 541 3774 bujus
556 3693 722 3775 opinionis
737 3692 900 3771 dubitari,
916 3712 1021 3778 neque
1040 3715 1114 3760 eam
1137 3695 1327 3760 Giovenaz-

229 3790 283 3854 sio
298 3789 470 3872 placuisse
495 3793 592 3856 laetus
612 3793 771 3858 intellexi.
814 3792 957 3879 Sane,2si
986 3794 1105 3860 Codex
1129 3797 1326 3861 Beruardini

229 3888 342 3954 Vallre
355 3910 399 3954 ex
414 3891 485 3969 illo,
501 3892 597 3975 cujus
618 3892 790 3958 Pontanus
812 3895 1007 3960 montionem
1029 3895 1121 3974 iacit,
1138 3897 1325 3981 descriptus

231 3995 334 4068 esset,
348 3991 449 4058 isium
472 3995 785 4076 ‘antiquissimum'
807 4015 928 4060 vocare
945 4014 1010 4060 nou
1030 4000 1201 4081 potuisset
1222 3999 1326 4062 Fran

230 4093 343 4158 ciscus
367 4093 521 4172 Paccius,
542 4096 661 4178 Angeli
687 4096 846 4162 Politiani
870 4098 1067 4182 discipulus,
1088 4108 1123 4164 et
1136 4100 1171 4165 J.
1185 4099 1219 4166 J.
1236 4101 1325 4164 Pone
