2888 4768
184 323 249 390 208
513 331 723 384 s.utrnau11
749 329 949 380 enoeuaru

187 483 253 548 Seu
269 479 351 546 mihi
366 478 433 546 aiut
447 477 616 561 tangenda
629 491 784 540 novercae
799 472 921 557 pocqu
935 467 1100 546 thdrae,

231 582 365 648 Pocula
379 581 530 665 privigno
545 597 612 642 non
627 576 775 640 nocitura
789 592 873 650 suo;
1089 567 1094 578 '

188 687 256 752 Seu
270 685 350 749 mihi
366 683 497 748 Circaeo
512 679 716 764 pereundum
731 677 888 760 gremino,
911 673 984 738 sive

232 784 366 850 Colchis
381 781 539 847 Iolciacis
554 783 627 846 urat
641 775 727 843 aena
741 776 846 856 iocia;

188 949 245 1000 Siue
254 947 313 998 utut
322 947 371 998 rint
379 945 492 1010 pertundi
510 946 592 996 colieer
601 959 707 995 nouerca
719 943 839 1002 Phaedra,
854 956 900 992 teon
917 939 1020 989 nocituri
1029 937 1140 1002 priuigno
1150 938 1175 1002 ej
1180 954 1210 988 ue
1222 937 1290 1002 Hip·

188 1015 293 1080 polyto;
307 1013 358 1064 aine
365 1012 423 1063 tullii
433 1013 576 1061 monendum
585 1010 620 1058 rit
636 1009 715 1059 letitie
726 1008 842 1066 Cir-coin
858 1006 907 1055 tiae
918 1005 978 1054 mihi
991 1003 1085 1052 coleti·
1099 1005 1213 1053 oroeadut
1223 1019 1290 1055 oneo

648 1129 827 1154 numm

191 1219 237 1274 lile
247 1222 323 1271 Voat.
336 1223 360 1270 i.
376 1219 466 1268 Burm.
482 1222 508 1268 lt.
535 1217 582 1266 lile
594 1220 682 1266 tuetur
693 1215 781 1263 Bunn.
802 1210 953 1261 timulo.
965 1216 990 1261 1.
1006 1211 1187 1262 Burrum—51
1207 1209 1291 1262 ‘Hert

189 1287 287 1336 lutheut
298 1285 348 1334 duo
359 1283 451 1344 nostri,
460 1297 516 1330 cum
527 1282 603 1330 Borr.
615 1279 725 1343 [Pelatt.
738 1274 847 1339 Deera]
863 1282 890 1324 et
901 1276 1019 1338 requitur
1027 1291 1087 1326 mox
1096 1277 1293 1340 pereundumst.

190 1350 242 1400 Sed
259 1350 329 1400 istud
340 1354 375 1398 ert
385 1347 488 1397 aliunde
501 1344 614 1408 irrepsit.
624 1351 652 1392 et
663 1343 754 1391 metim
762 1339 908 1390 delebitur!
923 1341 1032 1390 Broulrlt.
1058 1341 1067 1368 ‘
1079 1340 1224 1392 SantVoea.
1233 1346 1292 1392 at.

190 1414 301 1465 Mentel.
313 1411 509 1474 Neapolitanus,
520 1409 579 1458 Ver.
590 1413 615 1457 ti.
632 1413 660 1456 ot
671 1419 741 1455 meur
752 1409 776 1454 l.
792 1404 818 1452 in
835 1417 883 1467 quo
893 1405 995 1466 pondero
1006 1403 1097 1454 vitione
1108 1419 1155 1468 pro
1167 1407 1253 1468 pontia
1264 1410 1293 1454 et

190 1479 216 1528 in
225 1479 301 1527 Borr.
319 1479 383 1526 Cum
394 1489 479 1538 neque
489 1487 532 1536 up.
542 1472 631 1535 Eurip.
640 1483 723 1534 oeque
732 1469 857 1518 Senecam
865 1468 892 1516 iu
900 1468 1007 1532 Hippoi.
1019 1467 1114 1532 aliquid
1126 1478 1249 1518 occurrat
1258 1468 1293 1518 de

190 1542 297 1607 philtro,
307 1555 358 1607 quo
367 1538 538 1602 Hippolytum
550 1537 575 1584 in
587 1535 626 1584 eui
638 1546 749 1582 amorem
761 1533 883 1596 pellicere
893 1532 1162 1596 tentaveritPhudra,
1173 1535 1294 1596 arrapicor

190 1606 276 1669 valde,
285 1605 334 1655 nial
346 1605 410 1654 alioe
421 1603 504 1652 Polite
515 1607 620 1650 secutur
636 1599 670 1648 eit
684 1604 810 1658 auctores,
825 1596 935 1644 Phaedroe
947 1609 1042 1645 nomeu
1056 1598 1107 1646 hoc
1124 1597 1261 1658 irrepsisse
1277 1609 1294 1646 a

191 1684 268 1720 mauu
287 1667 393 1730 librarii,
410 1665 454 1730 qni
472 1664 505 1714 de
523 1662 572 1713 hae
590 1662 692 1711 incerta
710 1659 848 1723 Hippolyti
865 1659 980 1724 privigne
995 1660 1137 1720 cogitabat.
1170 1662 1200 1710 F.
1213 1661 1295 1724 igitur

191 1731 400 1783 substituendum
413 1727 495 1792 poculo
514 1727 604 1786 Therai,
622 1733 652 1775 ut
668 1739 716 1789 per
730 1738 852 1773 mocorono
870 1723 954 1774 ‘littaei
970 1723 1143 1788 intelligamur
1160 1724 1295 1788 Medeam,

191 1798 271 1860 AEgeo
282 1801 397 1859 nuptam,
412 1793 485 1857 cujus
502 1799 560 1840 aeto
575 1789 690 1838 Theseu·
704 1787 759 1837 fere
776 1787 884 1837 interiit.
917 1787 985 1837 Nori
1002 1787 1091 1848 etiarn,
1107 1787 1151 1853 qul
1165 1792 1294 1852 pungendo

191 1858 359 1922 coniecerat!
375 1858 461 1906 Burin.
487 1855 543 1904 Sint
554 1853 679 1903 exhibent
689 1853 723 1902 B.
733 1853 765 1902 B.
776 1851 808 1900 B.
820 1853 850 1902 L.
861 1851 904 1916 qui
913 1865 964 1900 nou
975 1854 1083 1902 multum
1095 1852 1195 1903 referre
1207 1860 1295 1917 putet,

192 1923 297 1985 legaeue
314 1925 369 1970 tunt
388 1935 421 1968 an
436 1919 560 1969 einh—58
575 1920 583 1947 ⁴
597 1917 776 1967 Pereundurta.
794 1914 892 1966 Guarn.
909 1915 941 1964 P.
958 1921 993 1966 ert
1010 1916 1083 1966 Brix.
1101 1917 1197 1968 Venet·
1211 1917 1293 1967 Aldd.

193 1985 276 2036 cotto.
293 1985 364 2034 Mur.
382 1982 481 2048 Gryph.
499 1979 600 2032 Graan)
616 1980 706 2031 Barth.
730 1979 796 2030 ‘Eut
814 1980 970 2029 interserunt
986 1995 1075 2030 omues
1091 1980 1168 2031 codd.
1187 1987 1216 2030 et
1233 1982 1294 2032 edd.

192 2056 312 2100 vetuste.
344 2049 466 2100 Baletum
478 2047 567 2110 procul
578 2044 656 2095 dubio
666 2043 726 2107 soit,
736 2051 845 2108 propter
860 2057 968 2108 aequem
985 2043 1078 2106 ‘urat'
1095 2051 1123 2094 et
1139 2045 1295 2108 precedens

191 2115 199 2142 ‘
212 2113 262 2162 Seu
274 2113 336 2162 mihi
346 2111 416 2162 rint!
438 2111 492 2160 Pro
501 2111 608 2172 gramine
619 2109 646 2158 in
657 2110 732 2158 Vosa.
743 2112 766 2157 1.
779 2111 804 2158 8.
821 2115 849 2157 et
859 2109 886 2156 iu
896 2122 978 2172 marg.
990 2109 1041 2157 mei
1052 2111 1076 2158 2.
1091 2110 1216 2171 anguine.
1251 2111 1295 2158 nu

193 2175 214 2227 ἰ.
233 2175 354 2227 carmine?
374 2190 421 2240 pro
438 2175 614 2224 incantatione
633 2170 748 2236 magica!
772 2172 859 2221 Boron.
893 2173 940 2220 Eat
962 2171 1059 2222 retinet
1077 2173 1181 2224 Leehm.
1203 2173 1295 2225 delent

193 2241 225 2290 tt.
237 2243 268 2290 B.
280 2241 377 2290 lte-hd
393 2243 401 2268 ⁴
415 2240 484 2288 Mira
494 2247 535 2287 ert
547 2237 690 2302 pertinacia
701 2235 828 2302 qtrornnd.
840 2235 967 2286 homiuum
978 2235 1006 2285 in
1017 2236 1192 2300 propagandie
1203 2237 1293 2288 foven-

193 2303 285 2370 diaque
296 2303 434 2354 erroribus.
466 2302 524 2354 tum
535 2303 593 2365 plur
605 2316 679 2367 quam
691 2301 813 2351 raeculum
823 2307 872 2364 eat,
881 2308 1017 2365 postquam
1028 2307 1148 2352 mouente
1158 2302 1295 2367 scaligero

688 2462 794 2516 Nomii

204 2619 209 2630 .
225 2583 257 2630 dl
271 2579 386 2630 Norerooe
394 2581 477 2644 poculo
489 2577 611 2643 Pteria]
626 2581 721 2630 Semne
762 2591 877 2652 currum·
888 2576 1056 2640 conscendit3
1078 2591 1188 2642 cumque
1207 2579 1234 2627 iu
1255 2577 1297 2628 lit·

194 2659 251 2702 eat:
267 2654 295 2704 Si
307 2669 358 2719 qua
369 2656 456 2719 puella
474 2669 515 2706 me
535 2656 667 2706 veneficiis
677 2661 723 2706 aut
762 2660 820 2704 tore
837 2653 914 2703 maria
930 2654 985 2719 eina
1002 2655 1061 2720 equi
1073 2656 1211 2719 phocarum
1228 2661 1295 2705 etre-

193 2730 297 2792 philtria
309 2731 649 2796 amatoriiaperdituraeat,
667 2733 724 2781 aola
764 2730 820 2794 pito
848 2731 1012 2781 vehementer
1037 2737 1124 2781 eareat
1148 2732 1296 2795 perterriti,

194 2805 250 2852 aine
265 2803 344 2853 dubio
356 2805 468 2869 Cynthia
479 2819 519 2854 ma
531 2806 635 2869 perdet.
659 2806 724 2854 Por·
764 2817 868 2855 currum
881 2819 928 2869 per
939 2807 1060 2869 acopuloa
1071 2814 1098 2857 et
1109 2820 1183 2868 aaa,
1193 2807 1297 2870 Hippo·

193 2893 223 2928 ro
235 2879 383 2942 poculaaeu
396 2881 493 2945 philtra
509 2881 724 2945 ematoriaaigni-
764 2878 820 2943 lyto
840 2880 939 2932 frustra
961 2883 1124 2945 obluctante,
1146 2885 1296 2942 traxerunt,

193 2951 256 3004 ficet
269 2952 363 3017 Polite,
381 2956 473 3021 quibua
496 2957 607 3007 Phaedra
628 2957 724 3022 privig·
765 2949 1296 3030 ntiaerumquejureuemloriaimplicitum

193 3045 255 3082 num
275 3045 347 3082 eaern
370 3033 542 3099 Hippolytum
563 3036 589 3084 in
611 3049 724 3085 umorem
765 3030 849 3078 varim
867 3031 993 3093 inportet
1004 3030 1209 3096 discerpserunt.
1243 3031 1296 3082 Qui

195 3108 321 3172 pellicere
339 3107 483 3172 ultehntnr,
493 3116 521 3159 ot
535 3108 617 3159 refert
627 3109 727 3158 senece
766 3103 860 3153 delude
872 3105 1012 3166 AEtculapii
1023 3119 1072 3168 ope
1080 3105 1248 3166 reviviscent,
1256 3119 1297 3154 re-

193 3181 356 3245 'l'regicuein
375 3183 483 3247 Hippoi.
516 3183 726 3234 Phoedraaotem
766 3179 830 3228 lictu
845 3179 945 3237 Attico,
963 3179 990 3227 iu
1010 3179 1110 3230 ltaliam
1132 3194 1159 3230 ae
1176 3182 1298 3242 contulit,

194 3253 246 3306 fuit
265 3255 317 3306 tilia
339 3257 443 3319 Minoia,
463 3257 626 3308 Cretensium
650 3258 727 3321 regis,
766 3253 809 3302 ubi
822 3252 936 3303 Ariciam
948 3253 1038 3303 urbem
1046 3253 1228 3314 condidit‚noo
1240 3269 1298 3318 pro·

194 3329 289 3378 'l'lreeei
311 3344 392 3390 uxor3
416 3346 483 3396 quae,
500 3331 640 3396 Hippolyti
659 3333 725 3394 ejue·
767 3330 808 3378 cul
821 3330 912 3390 eloco,
923 3329 949 3377 ln
962 3343 1012 3392 quo
1024 3331 1106 3379 Romo
1117 3329 1222 3380 condita
1239 3337 1299 3380 eet:

195 3402 253 3451 dem
265 3401 361 3452 Thesei
379 3418 413 3452 ex
431 3404 576 3468 Hippolyte
594 3405 724 3454 Amazone
767 3403 923 3467 tandemque
941 3404 1058 3467 aepultua
1080 3410 1121 3452 eat
1142 3405 1168 3453 iu
1188 3419 1296 3454 nemore

194 3475 240 3526 filit
256 3491 343 3526 eruore
354 3485 486 3542 correpta,
501 3492 561 3526 cum
579 3479 662 3541 iprum
678 3479 723 3528 ad·
765 3477 880 3538 Aricino,
892 3479 985 3528 Dione
997 3493 1079 3529 aacro.
1103 3481 1180 3530 Unde
1192 3480 1297 3532 0v.rtr.

195 3551 291 3601 docere
302 3565 354 3600 nou
375 3553 512 3615 potuirtet,
535 3557 564 3601 ut
584 3553 723 3602 thalamum
765 3556 795 3605 1².
813 3553 884 3604 ‘Hic
892 3554 967 3617 jacet
976 3555 1149 3620 Hippolytus,
1167 3556 1229 3606 loric
1247 3557 1297 3606 dia·

195 3626 278 3692 patrlr
302 3625 418 3675 absentia
445 3624 558 3674 nefando
586 3627 723 3677 concubitu
764 3636 870 3693 cerptue
882 3644 1015 3694 equorum,
1029 3631 1104 3682 Unde
1115 3646 1204 3682 uemua
1219 3633 1303 3694 uultis,

194 3706 390 3764 conspurcaret,
409 3715 467 3750 eum
478 3701 547 3765 epod
563 3709 665 3766 petrem
681 3719 724 3753 ac·
764 3703 827 3753 illud
838 3704 1024 3770 aditurequis.'

195 3777 306 3842 curarit,
317 3776 391 3841 quual
400 3776 571 3842 riblatnprum
580 3777 675 3828 inferre
684 3794 727 3828 vo·
798 3783 829 3829 53
848 3782 1071 3847 Gircaeogroutt'ne]
1088 3783 1166 3835 Circe
1181 3783 1236 3834 soit
1255 3799 1299 3834 ra·

148 3895 153 3906 ,
193 3851 292 3900 luisset.
319 3851 437 3901 'l'heaeua
446 3866 517 3914 vero,
529 3859 627 3904 temere
639 3854 724 3904 verbio
765 3853 858 3918 nefica,
877 3859 1085 3920 quaepoculieet
1099 3859 1184 3910 auceia
1203 3861 1298 3912 herhe-

195 3926 314 3976 Pteme
342 3925 421 3978 tidem
448 3927 582 3989 adhibeor,
611 3929 726 3992 graviter
765 3936 1161 3998 rum,quarumapprimevirae
1177 3947 1299 3996 noverat,

194 4000 248 4050 tilio
267 4001 358 4064 iratur,
378 4003 539 4067 Neptunum,
560 4011 590 4053 ut
611 4005 644 4054 de
668 4004 725 4067 ipae
765 4007 880 4057 homines
898 4007 1074 4061 dementabat.
1109 4013 1251 4065 FiliaSolir
1261 4017 1299 4066 di·

194 4076 349 4139 aupplicinrn
362 4087 483 4141 tumeret,
496 4079 634 4131 invocavit.
660 4081 726 4144 Hip·
766 4080 931 4144 citurfuiaee,
940 4090 968 4132 et
978 4087 1045 4148 regia
1054 4087 1206 4139 Colchorum
1218 4106 1296 4152 uxor;

195 4151 300 4215 polytor
326 4167 399 4218 reto,
424 4155 506 4219 patria
528 4157 592 4207 iram
615 4157 725 4222 fugient,
765 4159 1015 4226 quoe,coujugeauo
1033 4163 1212 4218 Sermatarum
1234 4183 1297 4234 rege
