2920 4770
536 325 584 374 ur
609 325 830 376 rnorenrro.
1186 319 1232 386 llll

133 469 178 532 ibi
191 467 320 554 quippe
335 468 457 533 multos
472 469 644 553 glomerari
655 472 745 552 licet,
758 473 952 539 immovero
964 479 1103 560 oportet·
1147 473 1227 548 Hoc
1290 469 1295 480 ’

17 593 18 610 ¹
136 569 168 632 iu
188 587 307 652 genere
328 567 464 634 Tibullo
486 575 626 652 preestet
645 572 744 655 longe
763 568 971 658 Prnpertius,
987 577 1024 640 iu
1039 595 1107 660 qno
1122 577 1229 662 msJor

135 673 195 748 est,
209 687 311 754 quern
325 671 361 736 in
378 669 497 748 altero,
510 671 654 755 poitiers
669 672 863 739 eruditionis
877 675 1042 760 supellex.

350 840 484 927 Cespsr
497 813 667 920 Bertlrius,
683 841 864 909 Adversar.
881 860 936 910 rx.
951 846 1007 912 1⁰.

178 971 337 1037 Dulciore
351 972 532 1038 eruditione
543 979 575 1038 et
584 971 768 1038 eruditiore
782 973 955 1041 dulcedine
969 996 1069 1042 nemo
1085 979 1231 1062 scriptor

136 1079 187 1138 est
202 1079 274 1138 tote
290 1074 491 1158 antiquitate
505 1083 581 1140 oute
601 1075 821 1161 Propertium,
837 1096 937 1162 quern
951 1079 1147 1163 scriptorem
1162 1097 1229 1164 quo

138 1177 245 1258 aegis
257 1175 444 1254 rimaberis,
457 1194 499 1242 eo
512 1177 618 1259 magis
634 1179 782 1259 smsbis3
803 1180 1097 1264 quecuimprimo
1110 1182 1232 1248 iutuitu

139 1276 336 1342 mscumors
360 1277 569 1355 ridebuntur,
593 1297 635 1343 ee
655 1279 687 1342 si
709 1282 947 1361 penetraveris,
971 1281 1117 1348 omnium
1139 1281 1234 1348 vide·

91 1423 96 1434 .
139 1379 257 1442 buntur
276 1377 420 1442 mturuli
444 1378 592 1462 quedem
613 1377 746 1445 Venere
757 1381 1007 1463 gratiosissime
1051 1382 1105 1448 Ite
1118 1389 1232 1450 eutem

139 1485 172 1542 tc
186 1476 288 1544 velim
301 1477 388 1542 huuc
399 1475 541 1544 Potitum
552 1481 788 1564 exquirerent
801 1481 885 1546 nulli
894 1465 966 1547 tem
977 1498 1092 1566 parem
1102 1485 1231 1563 credes,

139 1599 240 1664 quem
265 1579 506 1663 sibimetipsi:
529 1599 607 1665 quse
626 1582 750 1665 regule,
775 1601 852 1646 curn
875 1584 1030 1650 omnibus
1050 1589 1232 1669 precipuis

140 1679 363 1766 scriptoribus
380 1679 427 1746 sit
445 1682 621 1764 genedius,
636 1682 745 1766 primo
758 1689 871 1748 temen
883 1683 963 1748 loco
977 1683 1122 1767 quedem
1137 1691 1234 1770 quasi

140 1781 238 1848 Genii
259 1781 406 1867 alicujus
428 1784 662 1870 singularitete-
676 1785 754 1852 huic
774 1786 953 1851 convenire
966 1787 1075 1870 magis
1089 1785 1232 1868 ridetur,
1297 1817 1301 1824 ·

140 1903 240 1968 qoem
254 1885 383 1950 ceteris.

526 2049 637 2120 'Idem
654 2069 787 2120 xxxrr.
802 2053 835 2120 9.

185 2187 319 2268 Quodsi
340 2194 375 2254 et
399 2207 584 2272 paucorum
606 2187 741 2272 quidem
766 2187 825 2252 sed
848 2189 996 2253 maxime
1017 2189 1235 2276 locupletium

144 2290 279 2355 testium
296 2290 487 2354 accessione
498 2291 609 2375 jurmi
624 2289 780 2367 velimus,
801 2309 866 2356 nou
884 2291 1020 2356 deerunt
1032 2293 1134 2358 etism
1148 2310 1235 2376 prm*

144 2391 341 2457 steutissimi
357 2391 545 2480 scriptores,
556 2393 616 2476 qui
630 2391 805 2458 uobiscum
813 2393 962 2458 sentient.
1001 2393 1236 2476 ingeniosissi-

144 2511 217 2558 mus
236 2501 273 2557 et
291 2493 538 2572 limetissimus,
553 2485 655 2560 etiem
668 2493 915 2559 eruditissimus
930 2495 1074 2578 scriptor
1087 2501 1140 2560 est
1154 2493 1236 2560 Pro-

144 2595 284 2680 pertius,
295 2593 492 2660 Graecorum
502 2595 738 2677 ehguulierum
751 2595 822 2658 sins
835 2595 910 2678 peri
920 2601 1236 2678 pnsrusetsrnetor.

145 2695 193 2761 At
215 2696 274 2760 illc
294 2699 488 2760 nmceutem
509 2701 580 2761 tum
602 2697 745 2780 primum
767 2695 943 2761 AEneidem
965 2715 1032 2761 non
1052 2715 1163 2780 psrem
1178 2696 1237 2760 sed

145 2797 285 2882 priorem
301 2797 402 2864 lliudi
415 2813 536 2882 ponere
549 2817 616 2864 uon
630 2797 771 2876 dubitet,
783 2799 876 2863 velut
898 2815 1050 2881 pmsnem
1069 2803 1147 2883 post
1167 2797 1237 2862 ric·

146 2899 268 2963 torism
279 2899 370 2963 lastii
384 2915 519 2976 coneus,
535 2897 614 2963 dum
628 2900 814 2965 exclamet:

211 3018 216 3056 t
231 2997 350 3064 cedite
365 2998 508 3063 Romani
523 2998 717 3081 scriptores,
729 2999 841 3064 cedite
856 2999 968 3065 Graii:

276 3099 405 3166 Nescio
418 3100 499 3183 quid
514 3100 626 3184 meins
638 3099 796 3166 nescitur·
807 3099 923 3166 lliede.

309 3268 405 3334 Idem
419 3267 600 3358 Animadv.
614 3269 658 3336 sd
672 3269 795 3354 Pupin.
810 3269 902 3355 Sylv.
919 3286 941 3333 r.
955 3270 989 3335 2.
1003 3269 1078 3336 253.

190 3403 328 3468 Summe
348 3401 425 3466 lens
441 3401 619 3487 Propertio
632 3397 713 3468 dete
727 3401 763 3467 in
776 3401 880 3487 Elego
893 3405 1050 3482 carmine,
1065 3405 1240 3470 multorum

145 3504 285 3590 judicio.
328 3501 516 3570 Verissime
540 3503 671 3569 Plinius
696 3503 857 3570 Grecilins
875 3522 936 3570 rx.
960 3505 1025 3590 Ep.
1046 3505 1100 3571 22.
1122 3507 1242 3589 praeci·

148 3623 252 3692 puum
263 3605 299 3669 iu
314 3603 440 3687 Elegio,
454 3613 590 3684 tersum,
600 3605 748 3685 mollem,
759 3605 956 3690 jucundum,
968 3607 1063 3673 dixit
1107 3605 1242 3672 Adden-

150 3709 229 3774 dum
251 3705 387 3772 omniuo
414 3724 436 3771 e
460 3705 608 3774 doctrine
629 3709 861 3792 proeconium3·
884 3714 935 3774 est
957 3709 1045 3774 enim
1067 3707 1167 3774 simul
1187 3706 1242 3770 lris

150 3808 393 3876 eruditissimus
410 3808 570 3891 scriptor:
592 3826 734 3891 prorsus
754 3807 890 3875 'Pibnllo
907 3828 973 3874 non
986 3805 1241 3891 comparandus,

149 3909 211 3996 qni
224 3927 315 3976 mere
328 3915 362 3974 et
380 3909 536 3974 inornate
554 3909 753 3993 simpliciter
770 3916 834 3988 est,
854 3908 938 3974 eden
958 3913 1069 3974 tomen
1087 3905 1243 3984 candide,

150 4013 307 4089 delicate,
321 4010 441 4089 nitide,
451 4018 486 4076 et
500 4011 664 4088 amabilis,
678 4015 716 4074 nt
728 4029 792 4074 uec
805 4011 878 4093 ipse
888 4009 919 4084 is
933 4014 1049 4073 scotor
1063 4005 1123 4072 ulli
1135 4008 1245 4091 possit

152 4111 354 4196 comparari,
370 4111 489 4176 nedum
502 4111 689 4197 Propertio,
705 4111 763 4194 qui
779 4109 917 4175 alierum
932 4105 1103 4174 Venerem
1115 4115 1177 4173 est.

216 4230 335 4294 popter
352 4229 410 4280 rar.
421 4230 484 4278 cres.
652 4227 763 4289 eom.
1155 4225 1178 4272 s
