2920 4770
585 349 790 398 16611116.
1190 336 1232 401 13

139 493 213 556 bam
241 498 277 555 et
304 493 512 556 annotabam
541 490 721 567 Catullum,
743 489 926 567 Tibullum,
958 497 991 556 et
1018 492 1230 576 Propertium

141 613 198 676 ego
220 593 330 657 Anto.
348 593 516 672 Petreius,
539 594 673 658 collatis
702 593 941 657 vetustissimis
970 593 1231 676 exemplaribus,

139 695 201 760 alio
229 694 391 771 Ponant,
414 694 483 758 alio
513 693 675 779 Episcopi
704 691 946 773 Cremonensis,
967 695 1035 759 alio
1059 695 1232 760 queisci

138 795 267 873 Poecii,
293 813 358 859 uec
386 813 454 858 uon
473 795 548 860 aliis
574 793 694 860 11611116
715 801 750 859 61
776 794 955 860 Florenua
981 796 1118 874 habitis,
1141 815 1231 862 auno

136 896 386 960 15....6115....’
429 897 600 979 Murgiues
625 897 702 962 libri
731 897 864 963 tametsi
887 898 934 960 ita
960 902 1036 962 sunt
1057 899 1174 982 eccisi,
1195 903 1233 963 ut

136 1015 298 1060 annorum
312 1005 404 1060 notae
419 997 485 1078 legi
504 1005 683 1081 nequeant,
704 1005 819 1062 tamen
833 1017 879 1062 ex
894 1005 1091 1084 comparata
1106 999 1148 1063 ad
1164 997 1231 1064 Ca·

136 1097 253 1162 tullum
268 1105 304 1162 et
318 1097 491 1162 Tibullum
506 1095 751 1181 subscriptione
765 1099 848 1163 satis
863 1098 978 1182 liquet,
996 1093 1231 1166 611116111Ιὸ28.

136 1199 190 1264 vel
205 1199 293 1264 duos
306 1199 517 1283 insequentes
532 1199 707 1281 designari.
1074 1191 1079 1204 “

178 1299 268 1379 Quis
283 1300 384 1365 suerit
397 1302 454 1366 ille
469 1301 634 1367 Antonius
648 1303 815 1378 Petreius,
837 1307 894 1367 aut
915 1301 1002 1366 unde
1021 1300 1133 1381 domo,
1155 1323 1232 1368 cnm

135 1421 196 1466 nec
221 1402 398 1482 Heinsius,
421 1422 483 1468 nec
508 1402 757 1480 Brcukuusius,
780 1420 842 1466 neo
870 1407 983 1467 noster
1008 1401 1232 1481 Burmannus,

136 1503 198 1568 viri
211 1504 246 1567 in
259 1501 403 1568 historia
417 1503 575 1568 Italorum
594 1503 741 1568 literaria
754 1503 985 1580 versatissimi,
1006 1506 1232 1586 cognoverint,

135 1624 198 1688 ego
220 1623 372 1688 quaerere
396 1604 611 1687 supersedeo.
654 1605 826 1686 Suspicari
854 1603 944 1682 licet,
974 1605 1117 1669 nobilem
1144 1605 1233 1671 bunc

135 1705 285 1769 libellum
305 1704 378 1789 jem
401 1706 482 1770 olim
504 1723 698 1788 possessum
713 1723 788 1770 esse
804 1705 848 1769 ab
873 1704 1112 1787 elegantiarum
1124 1711 1233 1789 patre,

138 1803 291 1884 Murato3
314 1805 482 1888 siquidem
495 1805 532 1870 J.
548 1805 698 1888 lipsius,
721 1805 778 1890 qni
802 1821 887 1869 auno
910 1805 1161 1871 611611611667.
1183 1806 1234 1871 vi·

138 1906 219 1989 giuti
234 1923 394 1970 annorum
414 1905 564 1989 juvenis,
588 1906 733 1972 Romam
748 1907 852 1984 veuit,
874 1911 908 1970 et
922 1907 970 1970 ibi
983 1925 1043 1992 per
1063 1906 1233 1971 biennium

139 2007 263 2070 Mureti
285 2009 469 2090 preceptis
491 2008 641 2071 imbutus
655 2013 718 2083 eet,
739 2007 773 2070 iu
786 2005 901 2090 Antiq.
916 2007 1010 2072 Laot.
1026 2025 1049 2071 1.
1063 2009 1096 2073 4.
1117 2007 1151 2071 iu
1166 2007 1233 2072 line

137 2112 300 2174 memorat
314 2107 448 2186 librum,
470 2109 536 2172 sibi
549 2129 573 2172 a
586 2107 720 2173 Murato
733 2115 916 2186 ostensum,
938 2110 971 2172 in
987 2129 1056 2194 quo
1068 2109 1234 2176 Antonius

139 2208 285 2274 Ferillus
312 2211 481 2293 quispiam
509 2217 585 2274 ante
623 2227 728 2274 anuos
762 2210 1003 2294 quinquaginta
1030 2216 1233 2290 annotasset,

140 2309 276 2378 Driasm
290 2313 359 2393 legi
373 2331 428 2395 ap.
444 2311 545 2397 Prop.
563 2329 588 2378 1.
601 2311 655 2376 20.
669 2315 703 2376 6.
724 2311 800 2377 haec
814 2319 924 2379 autem
941 2332 962 2376 a
976 2333 1030 2377 me
1041 2313 1235 2396 agnoscitur

137 2415 212 2497 ipsa
226 2413 365 2496 scriptio
390 2412 528 2478 Antonii
543 2410 679 2477 Peneii.
722 2411 835 2476 Credo
850 2413 958 2495 igitur,
980 2420 1040 2478 aut
1054 2413 1234 2492 Moratum,-

138 2523 196 2580 aut
211 2515 378 2597 lipsium,
400 2513 435 2576 in
449 2514 584 2578 nomine
595 2514 741 2578 bominis
762 2515 868 2596 ignoti
882 2533 1020 2580 errasse.
1065 2513 1233 2598 Quicquid

139 2617 183 2680 sit
206 2615 309 2700 bujus
331 2615 390 2692 rei,
414 2614 579 2679 Heinsius
602 2615 780 2679 Florentia
804 2624 928 2681 emerat
948 2634 970 2679 a
988 2617 1150 2681 scrutatio
1171 2634 1235 2680 sex

139 2716 276 2780 assibus
291 2734 380 2779 anno
395 2715 491 2780 1646.
532 2715 683 2780 Ε1111116111
695 2715 845 2780 lacobus
856 2715 988 2782 'Pollius
1002 2716 1134 2798 dignum
1144 2717 1234 2800 jndi-

140 2817 242 2894 eavit,
264 2835 364 2900 quem
387 2825 494 2882 totum
518 2837 583 2881 sua
606 2837 707 2883 manu
725 2817 923 2882 describeret
946 2816 1094 2882 Holmire
1109 2819 1235 2884 Succo-

139 2937 212 2982 rum
238 2937 325 2982 anuo
349 2917 445 2984 loca
467 2937 536 3002 quo
563 2926 713 3002 tempore
728 2917 893 2982 Heinsius
917 2919 1097 2984 secundam
1119 2920 1235 2984 obibat

142 3019 360 3102 legationem
375 3019 560 3084 Suecicarn.
605 3019 748 3097 Deinde,
764 3020 959 3084 6111161704.
1002 3019 1092 3084 Jano
1108 3020 1236 3085 Brouk·

141 3119 236 3184 bosio
250 3119 502 3186 describendum
517 3123 695 3198 concessit,
710 3141 859 3186 summus
873 3121 946 3204 ejus
960 3121 1101 3198 amicus,
1110 3110 1235 3186 'Petrus

141 3221 365 3299 Burmannus,
388 3230 538 3305 patruus.
582 3221 662 3288 Vid.
677 3221 826 3288 anlrb.
842 3221 943 3288 Pras.
959 3221 1081 3286 Tibull.

183 3321 261 3387 Nec
290 3313 591 3408 mirum'cuiqnam
612 3324 718 3388 videri
741 3324 856 3400 debet,
877 3323 965 3388 buno
990 3323 1140 3387 libellum
1166 3331 1235 3388 tam

141 3421 265 3506 cupide
279 3439 355 3485 esse
369 3423 569 3505 expetitum,
591 3431 626 3488 et
639 3431 766 3490 tantum
783 3443 897 3507 operae
914 3424 948 3486 in
962 3445 1002 3490 eo
1017 3425 1236 3489 describendo

142 3523 358 3599 collocatum,
368 3541 444 3588 oum
454 3532 576 3608 praeter
589 3525 661 3604 illa,
671 3545 748 3610 quae
760 3545 849 3591 unno
860 3519 905 3590 er'r
919 3545 961 3590 eo
972 3527 1014 3592 ad
1022 3525 1235 3610 Propertium
1290 3521 1293 3528 '

142 3633 367 3708 apponuntur,
389 3625 570 3690 salutarem
594 3626 674 3691 olim
697 3625 834 3690 Tibullo
859 3627 1059 3691 medicinam
1078 3625 1235 3691 attulerit.

141 3723 396 3802 Broukbusina‘
409 3743 487 3788 eum
512 3725 653 3810 primum
681 3727 791 3791 ederet
813 3726 1037 3811 Propertium,
1058 3729 1132 3794 baeo
1156 3727 1236 3790 Per·

141 3827 254 3890 reimm
268 3823 441 3910 Excerptn
461 3825 607 3890 nondum
628 3825 847 3908 possidebat;
869 3828 1006 3892 triennio
1019 3835 1130 3892 autem
1145 3833 1235 3910 post,

142 3947 255 3992 corum
280 3927 416 4010 copiam
443 3925 584 4004 babens,
606 3933 641 3990 et
653 3926 789 3992 'libello
802 3947 936 4011 operam
958 3947 1096 4005 navans,
1118 3927 1237 3992 docto-

142 4048 215 4094 rum
229 4029 378 4093 laborum
395 4035 429 4090 61
444 4029 541 4092 simul
556 4029 636 4093 vitre
651 4028 830 4093 laudabilis
853 4028 948 4093 finem
972 4029 1071 4108 fecit3
1095 4030 1136 4094 ad
1153 4029 1236 4094 Pro-

143 4131 287 4214 pertium
303 4148 383 4194 vero
399 4127 547 4196 nonnisi
562 4149 733 4212 perpauca
747 4148 791 4193 ex
806 4129 872 4193 illis
892 4129 1012 4195 16111166
1027 4129 1163 4196 6111116111
1176 4150 1236 4213 pa-
