2888 4768
200 280 267 346 244
532 294 561 342 a.
585 291 744 344 aurnum
769 289 967 340 ιιοιιιιιιι

202 437 299 517 Quos
313 435 412 520 igitur
426 436 488 501 tibi
502 435 668 511 emtodea
681 452 760 518 quau
776 433 893 498 iimina
907 451 1043 515 punem

243 535 331 616 Quae
346 557 515 622 nunquam
530 555 632 620 supra
647 555 708 620 pos
723 535 878 600 iuimicus
893 535 973 598 enti

201 638 294 705 Nam
306 639 386 702 nihil
399 639 513 708 invite
524 637 627 702 tristis
641 636 796 701 custodia
808 633 964 719 prodest:

244 738 357 818 Quum
369 757 509 822 peccare
523 738 636 823 pudet,
649 735 805 820 Cynthia,
819 740 893 800 tnta
908 739 961 798 sut
975 741 1038 798 est
1258 733 1309 798 40

120 911 126 924 ‚
200 839 298 905 Uxor
312 859 364 903 me
378 857 559 921 nunquam,
573 856 740 922 nunquam
755 854 807 900 me
823 833 926 900 ducet
940 836 1069 898 amice:

242 940 380 1023 Semper
394 940 502 1003 amica
517 937 609 1014 mihi,
625 955 756 1020 semper
769 941 804 1000 et
817 953 907 1000 uxor
921 936 998 1000 cris.

201 1103 424 1156 Daorssrdsreiirtu
432 1101 540 1152 incoluit.
574 1102 661 1160 quies
669 1101 757 1164 igitur,
767 1113 852 1154 umes
863 1099 983 1163 Cynthia,
996 1098 1042 1149 tibi
1052 1100 1166 1160 mer,
1173 1099 1309 1162 miroque

195 1169 262 1230 sores
271 1183 396 1232 rppomrr,
406 1165 1032 1230 pupumutbsoemsrisotrmssqmarm
1042 1160 1148 1214 euirati
1164 1161 1309 1213 Dmerrs'n

200 1233 305 1282 mia
316 1231 419 1296 puelia,
435 1244 487 1294 qua
497 1245 544 1279 suos
559 1231 609 1280 nuit
626 1243 682 1280 esso
701 1229 803 1292 pudiea,
813 1228 875 1278 sibi
895 1228 999 1278 omnino
1013 1229 1118 1292 prodest.
1150 1226 1175 1277 0
1187 1226 1310 1291 Cassiis,

200 1298 254 1358 iiia,
262 1297 301 1346 cri
310 1297 386 1358 pudor
394 1298 428 1344 ert
439 1308 544 1358 procura.
558 1295 619 1344 satir
629 1299 662 1343 ert
673 1293 765 1343 masiis
781 1298 805 1342 et
819 1291 1034 1342 maduerunt
1050 1297 1231 1355 corruptorum
1244 1291 1309 1340 insi·

200 1360 266 1410 dias.
298 1359 374 1408 Nsiio
384 1373 491 1424 usquam
510 1357 604 1420 mutius,
616 1359 682 1407 natis
695 1371 803 1420 nsquam
823 1357 874 1406 alia
888 1357 967 1420 psalta
982 1371 1019 1407 sse
1032 1356 1139 1414 alliciet,-
1155 1362 1184 1406 tu
1201 1354 1272 1412 nisi,
1289 1369 1307 1405 ο

201 1423 323 1489 Cynthia,
331 1428 442 1487 perpetuo
452 1421 528 1472 assim
537 1427 683 1486 arpsrpatso
692 1421 779 1482 cordae
786 1421 840 1471 srir.

661 1545 840 1568 neumata

202 1645 259 1682 csse
298 1637 359 1681 utat
374 1631 528 1684 Durus-tt
547 1631 648 1680 mnis«
666 1629 753 1679 Psiat.
763 1632 788 1678 2.
808 1627 867 1677 edd.
880 1627 955 1677 liris.
967 1627 1050 1678 lirin.
1063 1625 1152 1678 Gebhr
1181 1628 1305 1679 ‘vitiosa

201 1645 384 1759 procuidubio
401 1693 694 1759 iectioestqsoeiisrisru.
728 1691 883 1742 lnBorr.et
899 1695 993 1741 turoi.
1025 1692 1306 1756 emigrata-arma,

200 1757 871 1886 turum
879 1754 1066 1884 „mum
1083 1756 1305 1871 rursum

201 1857 251 1936 nus
262 1887 330 1936 redit
341 1857 438 1948 seusus,
448 1884 493 1935 sed
502 1893 530 1936 et
542 1887 616 1948 Quos,
626 1901 687 1951 qsoe,
699 1885 767 1946 θυι,
782 1894 810 1934 ct
822 1884 908 1945 Qum,
919 1886 961 1934 hic
972 1883 1150 1935 inconcinnius
1160 1886 1302 1948 cunctata,

200 1951 283 2000 nuiuus
295 1948 446 2001 offendunt:
463 1950 548 2000 Barsa.
582 1951 681 2007 Quoad
689 1948 780 2010 dmm,
788 1963 843 2012 pos.
853 1949 917 2010 legit
926 1948 1030 1998 Lacum.
1040 1947 1085 2012 qui
1095 1949 1121 1997 tn
1133 1963 1170 1999 rs.
1182 1949 1303 2012 proximu

200 2015 251 2079 icgi
264 2022 354 2064 censet
365 2028 442 2077 posse
456 2014 520 2071 Quin
530 2029 584 2078 usq.
596 2015 618 2064 si
636 2021 662 2064 te
679 2014 730 2063 ists
746 2012 868 2076 repetitio
883 2013 957 2074 Quor,
967 2025 1029 2076 quo,
1050 2013 1120 2075 Qsoe,
1141 2011 1302 2063 offendat.-

200 2081 234 2128 89
250 2079 342 2129 Prodct
352 2079 498 2130 Vossianus.
530 2079 646 2128 Damnat
664 2077 819 2127 unm—«ru
836 2077 897 2131 Qua
915 2077 998 2126 Colin.
1029 2077 1087 2126 ‘in
1106 2077 1223 2128 omnibur
1240 2084 1301 2127 ante

200 2143 270 2193 scri.
280 2141 340 2192 edd.
351 2144 431 2192 etism
448 2143 558 2207 priunum
570 2142 682 2204 arusie,
693 2141 833 2208 finemimj.
845 2141 885 2190 Ei.
897 2139 1034 2189 absolvunt
1044 2140 1070 2190 isi
1083 2139 1135 2191 duo
1145 2155 1188 2192 vv.
1210 2143 1301 2191 ‘Uxor

200 2221 242 2255 rue
257 2220 310 2255 uun
328 2207 406 2268 usm‚'
416 2209 467 2256 &m
484 2206 528 2270 qui
547 2207 625 2257 etiaru
637 2206 663 2256 in
674 2206 804 2284 plerisque
816 2205 880 2254 Mas.
890 2203 933 2254 hic
943 2211 1092 2254 occurrunt.
1125 2203 1176 2254 Sed
1184 2205 1300 2268 Scaliger

200 2270 250 2334 [siu
268 2269 297 2319 it.
309 2222 380 2334 {ipn
391 2283 423 2319 ιι.
435 2271 469 2320 V.
480 2271 510 2320 L.
519 2275 561 2322 25.
586 2272 658 2322 Quos
674 2270 734 2319 tdeo
749 2269 837 2318 inudat
852 2268 953 2343 lirum]
970 2283 1016 2318 eos
1027 2268 1121 2332 rejecit
1132 2269 1158 2318 in
1169 2283 1223 2336 seq.
1242 2271 1300 2320 Ele·

202 2335 270 2397 giam
282 2341 342 2397 pust
354 2349 390 2382 vs.
406 2337 447 2384 ιθ.
464 2334 574 2384 undeet
591 2335 617 2383 iu
629 2334 671 2384 ed.
686 2334 832 2383 Dousrrnm
853 2333 961 2397 uittaque
972 2333 998 2381 Ιι.
1012 2333 1029 2381 Ι.
1041 2345 1092 2382 uun
1103 2333 1233 2397 leguntur.
1266 2334 1299 2384 ld

201 2410 306 2447 nuouarc
322 2397 511 2448 Bronkhurium
532 2398 680 2460 oportebat.
713 2396 773 2445 viu.
785 2397 817 2444 de
830 2396 869 2446 his
881 2411 922 2446 vv.
935 2397 1058 2447 Heineco.
1069 2397 1096 2446 in
1107 2397 1253 2448 comment.
1265 2398 1298 2447 sd

200 2461 265 2525 leg·
286 2461 382 2512 duliam
403 2476 430 2525 p.
448 2459 501 2512 rt!
525 2463 614 2512 Burrus.
646 2460 790 2511 ‘Ultimum
812 2460 940 2510 distichon
968 2468 1065 2524 prseter
1085 2463 1150 2511 Seni.
1169 2462 1255 2513 Gabb.
1272 2471 1300 2512 et

201 2525 316 2592 Brouish.
336 2525 412 2576 ctiam
425 2525 506 2576 editio
523 2525 596 2576 Leid.
615 2525 719 2578 Moreli.
732 2525 795 2574 stu.
812 2525 899 2575 Grrer.
911 2527 992 2576 Lund.
1003 2527 1078 2576 cunt.
1123 2533 1148 2576 st
1157 2539 1193 2576 ss.
1203 2531 1244 2577 2⁰,
1256 2528 1296 2577 ΕΙ.

201 2598 426 2668 seq.ruuectuut:
444 2590 513 2668 qnod
533 2591 558 2640 in
576 2603 627 2668 unu
638 2589 747 2666 disticito
758 2603 808 2639 nou
821 2589 886 2640 adeo
901 2590 1082 2653 reprehendun
1102 2589 1118 2637 .'
1134 2591 1223 2640 Bruti.
1255 2590 1297 2640 Ab

119 2778 125 2789 .
201 2653 801 2784 iuditii‚fitistttttt'utK'ttti
815 2669 879 2783 3:⁸5,
893 2653 1295 2770 ttttirtuztiittt

693 2887 801 2939 NOTAE

201 3017 230 3059 ut
241 3010 277 3060 ait
287 3009 413 3062 Asconius
424 3011 449 3062 in
457 3013 511 3063 Cic.
519 3025 562 3062 ιιι.
573 3013 728 3078 νοιι.’φιοι1
769 3025 811 3074 sp.
823 3010 875 3061 0r.
886 3009 936 3075 Ep.
945 3015 967 3062 l.
984 3009 1065 3062 ‘Alta
1074 3011 1190 3062 ruinosas
1201 3013 1294 3064 occulit

201 3101 217 3134 e
236 3087 340 3150 templis
366 3085 420 3138 futu
447 3096 579 3152 petuntur.
623 3089 729 3140 Dicitur
768 3087 849 3136 herba
865 3085 971 3137 domos?
1001 3088 1100 3137 Merito
1113 3087 1216 3153 quidem
1226 3090 1294 3152 inre,
1316 3129 1319 3136 .

200 3174 287 3216 nutem
298 3181 393 3216 aranea
403 3169 497 3217 merito
506 3168 603 3232 templs
611 3168 728 3217 Deorum
767 3163 851 3228 inquit
862 3162 983 3226 Propert.
993 3163 1118 3227 imagines
1127 3166 1242 3215 Deorum
1252 3165 1293 3216 de·

201 3243 260 3291 telis
270 3244 322 3292 suis
339 3241 470 3306 obtegere,
487 3256 520 3293 na
540 3243 643 3292 scilicet
662 3243 730 3306 nspi·
768 3247 844 3290 terte
855 3249 1017 3305 occupantur
1027 3243 1228 3308 integunturque
1239 3245 1293 3293 her·

200 3317 303 3367 ciautur
318 3319 428 3382 picturae
446 3325 536 3382 turpes
551 3323 579 3368 nt
590 3319 727 3380 obaccrum,
769 3315 816 3376 bis,
826 3329 883 3365 cnrn
896 3316 974 3366 etiam
991 3331 1024 3368 ex
1036 3318 1170 3368 occasione
1182 3319 1291 3382 turpium

200 3399 229 3443 nt
246 3407 338 3456 nempe
354 3395 470 3443 Deorum
485 3393 623 3456 adulteria,
634 3393 727 3460 quibus
768 3397 797 3440 ct
821 3390 997 3441 obscoenarum
1019 3391 1158 3457 imaginum
1179 3393 1291 3444 Deorum

200 3468 278 3518 etium
295 3469 355 3517 oiim
372 3470 467 3533 templa
478 3469 602 3520 Veterum
619 3483 728 3518 euornr·
768 3467 881 3518 claustra
898 3467 1029 3531 pudicitiae
1042 3469 1168 3520 Romame
1180 3469 1291 3534 perfruc-

200 3546 303 3595 bantur.
330 3545 406 3595 Unde
418 3547 454 3596 D.
467 3547 574 3598 Hieron.
591 3547 728 3610 ‘Fuiigiue
769 3542 864 3603 tarint,
875 3549 903 3592 et
915 3543 995 3594 Roma
1007 3545 1091 3608 pudor
1101 3547 1231 3611 expuisur.

200 3627 227 3670 et
239 3633 388 3671 aranearum
398 3622 456 3672 telis
467 3624 551 3673 omnin
563 3623 653 3674 Romus
665 3630 728 3671 tem·
800 3621 831 3666 ³⁷
849 3618 914 3674 0¹0⁸
923 3621 1041 3684 wieder]
1068 3621 1174 3670 Frustra
1186 3623 1291 3672 custodi·
1340 3613 1342 3618 ’

200 3697 244 3761 pla
265 3703 388 3760 cooperta
408 3698 486 3747 sunt!
518 3698 629 3749 Amnem
651 3711 728 3761 porro
769 3701 820 3756 tur,
831 3707 887 3759 ana
899 3709 950 3744 non
966 3693 1090 3746 ruites‘se
1102 3697 1210 3762 pudica;
1227 3698 1290 3749 nude

200 3771 267 3820 telus
278 3785 336 3820 suas
347 3772 508 3835 praetendere
520 3774 605 3823 soient
621 3772 647 3821 in
664 3773 728 3821 iocis
768 3772 876 3820 Hieron.
892 3772 1011 3822 ‘Pudice
1026 3774 1122 3823 senari
1140 3789 1190 3824 uun
1210 3773 1291 3838 debet,

201 3846 316 3907 incultis,
327 3845 446 3909 desertis,
455 3855 484 3897 et
494 3847 619 3908 inanium,
630 3853 659 3895 nt
669 3861 727 3894 uos·
769 3845 899 3908 impudica
909 3859 959 3895 uun
970 3853 1076 3912 potest!
1093 3849 1145 3900 Or.
1153 3863 1197 3900 ιιι.
1206 3849 1289 3900 Amor.

201 3927 242 3968 ter
259 3919 344 3969 Pudtu
355 3919 432 3970 ducet
443 3934 486 3970 ιιι.
497 3925 521 3970 6.
536 3921 545 3948 ‘
554 3920 643 3970 Putris
662 3920 727 3969 etin
767 3927 791 3973 t.
808 3921 900 3971 ‘Dure
919 3923 966 3987 vir,
983 3925 1104 3990 imposito
1123 3931 1221 3976 tenerae
1238 3941 1290 3976 cus·

200 4007 280 4043 raeno
291 4003 395 4043 texetur
405 4008 500 4044 aranea
509 3993 594 4044 tecto!
768 3998 829 4048 tude
847 3999 951 4062 puelle,
967 4001 1012 4050 Nii
1026 4001 1097 4064 sgis;
1114 4002 1218 4066 iugenio
1228 4015 1290 4067 que·

233 4073 265 4118 ³6
293 4071 397 4132 Occupat
420 4069 490 4118 herim
517 4069 592 4132 Deos]
623 4071 728 4119 Statuas
767 4087 818 4136 que
835 4073 932 4122 tuenda
946 4088 992 4123 suo
1009 4075 1067 4124 est!
1098 4074 1139 4124 lb.
1157 4077 1290 4128 ‘Nereus-

201 4145 313 4194 Deurnm
324 4153 351 4193 et
362 4146 434 4207 signs
447 4147 564 4207 implicet
574 4161 688 4210 gramen,
698 4155 727 4194 ut
768 4149 855 4208 todiri,
865 4151 891 4197 ui
903 4149 974 4212 veiit,
983 4151 1035 4200 ulia
1045 4151 1150 4214 potest!
