2920 4770
205 313 247 378 14
649 331 852 378 ransarro.

205 482 348 551 caverat,
371 493 446 557 quae
474 473 682 554 Vlamingius
707 474 857 555 repetitae
882 472 1083 536 Broulrhusii
1109 475 1299 538 recensioni

205 577 338 659 adjecit.
382 576 450 639 Sed
465 575 653 639 liberaliore
669 595 768 638 mauu
782 594 898 639 omnes
913 575 1013 658 hujus
1028 575 1135 640 libelli
1151 594 1299 658 gemmas

205 679 239 742 in
258 697 378 741 novam
390 677 476 740 hanc
490 676 716 740 recensionem
730 676 869 740 contulit
884 675 1093 740 Burmannus
1109 687 1235 742 noster.

250 777 326 843 Nec
353 787 462 842 tamen
486 795 613 858 omues,
635 777 665 840 si
694 779 827 860 quaeris,
851 795 947 860 aeque
975 780 1151 860 benignam
1175 778 1218 842 de
1245 779 1298 844 bis

206 881 385 963 Excerptis
401 879 541 956 Italicis,
557 881 607 943 uti
622 887 725 944 vocat
740 879 904 944 Heinsius
916 881 950 942 iu
963 878 1103 944 Advers·
1119 900 1153 962 p.
1166 880 1223 945 32.
1245 881 1299 945 vel

206 982 382 1065 Excerptis
397 981 591 1046 Italicorum
605 979 779 1060 Codicum,
802 982 852 1044 uti
872 1001 906 1063 p.
921 981 975 1045 30.
998 981 1194 1048 seutentiam
1217 982 1300 1047 tule-

196 1089 294 1152 runt.
339 1081 419 1163 Ipse
437 1081 612 1159 Heinsius,
635 1101 751 1146 eorum
765 1101 902 1165 promus
926 1084 1065 1160 condus,
1087 1083 1123 1146 in
1143 1083 1300 1167 Epistola

207 1182 250 1248 ad
267 1182 450 1260 Groevium,
472 1181 514 1246 T.
531 1200 579 1246 ιν.
622 1182 751 1266 Syllog.
774 1203 808 1265 p.
822 1183 899 1248 233.
922 1185 981 1260 ait,
1004 1203 1042 1247 se
1058 1182 1174 1247 timide
1189 1184 1299 1248 solere

206 1285 249 1349 iis
264 1284 432 1359 accedere,
456 1303 530 1348 cnm
546 1302 589 1347 ex
608 1284 755 1349 Pontaui
770 1285 975 1369 aliorumque
990 1285 1124 1349 schedis
1147 1285 1212 1348 sint
1226 1304 1300 1350 cor-

206 1405 295 1464 rasa,
318 1387 378 1469 qui
401 1385 577 1468 plurimum
592 1385 656 1449 sibi
671 1387 879 1472 permiserint
902 1388 935 1450 in
954 1386 1130 1470 Propertio
1155 1387 1301 1468 interpo-

206 1487 324 1567 lando;
347 1495 382 1552 et
408 1487 492 1550 satis
522 1491 661 1563 constet,
682 1487 717 1548 in
745 1485 881 1550 Catullo
908 1494 1002 1550 totos
1018 1484 1163 1550 Pontaui
1178 1503 1300 1548 versus

207 1587 368 1654 exbiberi.
413 1585 654 1651 Celeberrimos
667 1606 799 1670 quoque
814 1587 982 1669 Heynius,
1003 1605 1099 1669 quem
1113 1587 1218 1650 virum
1233 1585 1301 1648 ele·

207 1690 318 1772 gantis
347 1687 544 1752 eruditionis
572 1694 608 1749 et
634 1687 805 1764 amicitiae,
832 1687 913 1751 olim
943 1692 1137 1764 contractae,
1165 1687 1333 1750 nomine*

207 1809 358 1866 veneror,
382 1789 417 1851 in
432 1806 521 1851 nova
535 1788 578 1851 ad
593 1787 719 1852 Tibull.
744 1787 843 1852 Prael.
858 1807 892 1870 p.
909 1803 995 1852 x1x.
1017 1788 1132 1851 horum
1149 1785 1300 1869 Excerp-

207 1897 314 1958 torum
342 1889 573 1986 auctoritatem
602 1907 670 1952 non
699 1887 896 1971 spernendis
925 1888 1113 1953 rationibus
1142 1886 1300 1950 elevavit

210 1989 326 2067 Quidl
348 2009 389 2053 ne
414 1993 488 2074 ipse
510 1990 642 2073 quidem
655 1990 867 2054 Burmannus
883 1989 1057 2055 Secundus
1081 2007 1213 2071 semper
1227 1987 1302 2053 fidit

210 2090 356 2155 Petreio.
399 2089 480 2155 Vid.
505 2091 550 2154 ad
575 2107 615 2154 rr.
630 2090 683 2154 32.
699 2094 730 2154 5.
754 2107 808 2156 111.
824 2092 923 2157 lte.
968 2090 1047 2155 Non
1068 2109 1131 2171 ego
1156 2089 1187 2152 is
1213 2102 1300 2166 sunt,

210 2191 269 2272 qui
283 2190 399 2254 talium
413 2191 557 2255 virorum
572 2191 782 2274 suspiciones
795 2211 999 2276 oppugnem3
1022 2191 1210 2274 praesertim
1225 2209 1300 2254 cnm

209 2291 406 2368 existimem,
428 2312 488 2374 pro
515 2299 606 2357 certo
635 2298 668 2358 et
697 2293 884 2356 indubitato
910 2291 1064 2356 affirmari
1090 2311 1156 2355 non
1182 2310 1301 2374 posse,

210 2392 315 2468 sintne
328 2393 401 2456 baec
417 2391 587 2475 Excerpta
601 2393 712 2457 omnia
726 2411 772 2456 ex
784 2392 889 2457 Codd.
903 2395 1063 2476 prolecta,
1086 2412 1130 2458 au
1145 2399 1300 2476 exparte

211 2495 313 2558 etiam
338 2494 509 2558 doctorum
531 2495 690 2560 Italorum
716 2497 858 2577 ingeniis
881 2497 1077 2567 debeantur:
1102 2494 1161 2558 sed
1175 2502 1300 2571 tamen,

201 2587 246 2658 ¹iu
270 2594 448 2660 Addendis
475 2595 518 2661 ad
549 2596 764 2680 Propertium¹
778 2596 993 2662 conficiendis
1013 2597 1087 2680 jam
1105 2603 1302 2678 occupatus,

210 2705 333 2779 proeter
357 2715 489 2760 omnem
512 2697 699 2781 opinionem
722 2705 839 2762 nactus
863 2717 937 2762 sum
959 2698 1113 2781 quaedam
1138 2696 1300 2774 subsidia,

210 2797 381 2878 incognita
394 2799 460 2862 sere
484 2799 567 2863 viris
581 2798 799 2878 doctissimis,
822 2799 944 2881 quibus
964 2799 1090 2863 Perreii
1104 2797 1201 2874 fides,
1224 2802 1302 2862 ante

212 2899 292 2962 milri
317 2918 449 2982 qnoque
477 2905 646 2984 suspecta,
668 2909 767 2966 extra
794 2917 924 2986 omnem
948 2899 1163 2965 dubitationis
1191 2897 1301 2962 aleam

213 2998 405 3064 collocatur.
468 2991 471 3000 ’
1199 2997 1203 3006 “

255 3101 386 3185 Nempe
396 3101 544 3185 juvenis,
552 3120 619 3166 non
627 3102 736 3167 minus
749 3102 893 3184 ingenio,
902 3120 1001 3185 quarn
1012 3101 1173 3166 natalium
1187 3099 1301 3183 splen·

212 3201 291 3268 dore
305 3202 576 3287 conspiciendus,
598 3202 751 3267 loannes
765 3202 918 3268 Andreas
935 3204 1120 3280 nanterus,
1142 3207 1219 3285 post
1244 3200 1302 3265 de-

213 3322 344 3368 cursum
358 3304 393 3366 in
407 3304 471 3367 hac
486 3301 586 3366 Alma
599 3301 756 3367 leidensi
778 3323 840 3386 per
860 3305 950 3368 riam
971 3305 1092 3386 regiam
1117 3303 1302 3368 studiorum

213 3403 420 3480 curriculum,
443 3422 548 3486 eaque
562 3402 756 3468 eruditionis
771 3404 960 3486 specimina
980 3404 1082 3481 edita,
1104 3403 1218 3488 qualia
1239 3405 1302 3470 uti·

101 3546 103 3552 ·
213 3524 290 3571 narn
302 3504 398 3570 multi
413 3505 613 3587 proferrent!
635 3524 721 3570 nnnc
746 3525 805 3589 per
829 3507 1021 3590 praecipuas
1043 3505 1188 3588 Europos
1211 3524 1301 3583 oras,

213 3625 274 3672 uec
307 3608 472 3670 literarum
507 3611 706 3683 nostrarum,
739 3608 859 3690 quibus
898 3609 989 3690 large
1026 3608 1206 3674 instructus
1240 3614 1301 3684 est,

212 3725 274 3770 nec
296 3707 472 3770 amicorum
495 3705 676 3784 immemor,
698 3709 932 3790 peregrinatur.
977 3707 1059 3786 Hic,
1075 3706 1195 3771 Romae
1210 3726 1302 3771 com·

213 3815 370 3884 moratus,
392 3806 471 3870 dum
485 3808 682 3874 veneranda
698 3809 904 3891 antiquitatis
918 3813 1127 3874 monumenta
1139 3809 1303 3873 homines·

214 3927 278 3990 que
303 3927 417 3972 eorum
441 3908 663 3989 intelligentes
681 3910 771 3972 omni
788 3928 870 3974 cura
891 3909 1040 3991 indagat,
1061 3910 1116 3974 vel
1130 3911 1302 3993 praecipue

197 4029 251 4080 ,se
267 4009 451 4091 applicavit
466 4009 510 4073 ad
523 4010 702 4094 exquisitae
718 4011 879 4075 doctrinae
895 4011 1113 4094 amabilisque
1127 4010 1302 4075 modestiae

213 4109 331 4189 virum,
346 4109 389 4176 V.
405 4109 455 4174 M.
469 4109 741 4190 Gioverranzinm,
763 4109 961 4196 profectum
983 4112 1193 4178 bibliothecae
1208 4111 1302 4177 illus-
