2888 4768
529 353 600 408 nte.
625 351 663 400 tt.
688 351 793 402 nnnc.
815 337 847 402 2.

137 497 205 562 Gur
218 497 295 564 haec
310 496 347 562 in
360 495 457 562 terris
471 494 579 562 facies
593 495 739 562 humone
752 499 924 562 moraturi

175 597 322 684 Jupiter,
344 599 462 682 ignoro
478 597 622 680 pristine
634 597 724 663 furte
737 604 810 664 tun.

136 701 248 766 Fulvo
264 705 440 779 nonnosi,
455 702 630 784 longosque
644 717 775 776 menne,
797 704 831 764 et
844 697 992 764 maxime
1006 704 1082 767 toto
1212 701 1235 768 5

175 801 336 886 Corpore,
350 809 385 868 et
398 801 526 868 incedit
540 803 596 868 vel
610 801 699 870 Jove
714 801 818 886 tigne
831 817 942 884 soror3
973 879 976 882 ¹

125 984 218 1046 sedere
227 999 265 1034 sse
273 985 365 1047 &cept
374 983 457 1035 sm.
491 985 572 1042 θῦσε
583 989 671 1038 sotem
680 985 731 1038 ios
744 985 811 1036 ister
823 985 934 1036 malalee
943 982 1023 1048 digne
1033 982 1101 1034 culo
1113 983 1237 1034 methir-is

125 1047 345 1109 feruminat
378 1049 404 1100 Ο
414 1051 522 1112 despite,
536 1051 831 1113 succurrentium
842 1049 916 1109 serlo
929 1048 1008 1109 sehse
1021 1062 1086 1098 osso.
1120 1049 1238 1100 Come

131 1113 168 1162 illi
178 1129 252 1162 aerea
262 1117 308 1175 ast,
324 1117 348 1163 et
356 1113 459 1177 prolixo
469 1128 561 1177 mnes,
579 1115 687 1180 ipseque
698 1115 761 1165 omni
772 1128 867 1176 corpore
887 1127 998 1176 procero
1011 1110 1195 1174 jsessdississo,
1211 1117 1236 1162 et

129 1178 238 1244 presedit
256 1185 286 1229 nt
304 1193 371 1228 soror
380 1179 441 1228 Jove
452 1177 525 1228 etiem
542 1179 602 1244 ipso
613 1182 696 1246 digna,
711 1181 748 1230 osi
757 1179 836 1242 qualis
847 1179 932 1228 Pullus
941 1177 1032 1228 incedit
1047 1178 1079 1226 ed
1096 1190 1152 1226 aros
1161 1176 1235 1226 Dsll·

591 1303 773 1324 mmm

129 1390 327 1498 preponuntur.
359 1383 410 1434 Sed
422 1390 526 1434 secutus
536 1398 592 1434 sum
604 1398 662 1434 eom
674 1383 800 1449 ordinem,
811 1399 862 1449 qno
878 1383 960 1434 edidit
972 1383 1160 1442 Broulrhosius.
1176 1397 1235 1448 pro·

148 1457 194 1498 ets
213 1448 340 1510 scaligeri
362 1449 527 1513 trejectiouo,
549 1462 695 1514 quanquam
716 1449 783 1498 illins
807 1449 1019 1514 transpositiones
1040 1449 1132 1512 possim
1151 1447 1234 1500 foetes

129 1513 294 1562 damnaverit
313 1511 417 1576 Lipsius
436 1514 512 1563 Ceut.
531 1527 550 1562 t.
575 1513 658 1576 Epist.
676 1515 716 1561 lt.
741 1519 770 1563 et
789 1515 852 1562 setis
870 1513 964 1563 acerbe
981 1515 1008 1562 in
1025 1527 1084 1562 eum
1102 1513 1237 1562 invehatur

130 1577 239 1626 walliss
258 1577 337 1628 Notis
353 1577 386 1626 sd
404 1577 530 1627 Poematis
542 1591 589 1626 sua
607 1590 633 1640 p.
645 1580 702 1626 toll·
718 1576 762 1626 uhi
776 1577 935 1641 Scaligerrrm
952 1577 1045 1626 misere
1063 1579 1191 1632 lacesssse
1207 1585 1236 1629 et

129 1640 283 1692 (intruxisse
294 1641 463 1704 Propertium
480 1642 639 1690 criminator.
672 1641 724 1693 Qui
741 1648 827 1691 temen
843 1642 975 1706 egregiam
992 1647 1020 1691 et
1036 1653 1064 1690 se
1077 1641 1180 1705 dignam
1191 1642 1233 1691 hie

129 1706 254 1770 prestitit
266 1719 383 1769 opernm,
394 1721 453 1754 nam
466 1705 492 1754 io
503 1705 563 1755 cdd.
575 1713 653 1754 entes
663 1706 764 1754 excusis
775 1706 861 1756 omnin
878 1707 958 1756 lustnr
974 1719 1109 1768 scoparum
1127 1705 1235 1755 dissolu·

128 1777 213 1834 tarum
226 1770 293 1820 nrsle
304 1771 488 1820 cohaerebant.¹
519 1769 610 1820 Nostri
621 1769 673 1818 sluo
685 1769 761 1833 primi
773 1785 862 1819 sersus
879 1777 941 1820 sont
951 1769 1100 1820 Burmsnno
1112 1784 1163 1820 sss.
1174 1775 1199 1820 h.
1208 1773 1234 1820 o.

128 1835 226 1884 Versus
236 1834 329 1884 tertios
339 1833 373 1884 ed
383 1833 461 1884 linem
473 1839 533 1884 sunt
543 1833 691 1883 Bormsnuo
702 1849 753 1882 vsa.
764 1840 805 1883 tlt.
820 1834 852 1883 sd
862 1833 907 1884 tin.
921 1834 1048 1897 scaligeri
1060 1847 1080 1883 s.
1092 1833 1234 1884 Burrusnnl

128 1899 357 1962 transpositionem
365 1913 416 1948 non
427 1898 523 1961 recipit
533 1897 623 1948 Barth.
634 1905 662 1946 et
672 1898 795 1947 damnent
807 1899 887 1948 Knin.
899 1905 926 1948 et
936 1899 1040 1949 Lucium.
1052 1898 1112 1963 qni:
1129 1897 1236 1960 ‘Mele,'

129 1963 176 2023 sit,
192 1963 332 2028 ‘Scaliger
343 1963 392 2012 hoc
409 1962 538 2014 distichon
554 1977 569 2011 a
585 1976 657 2026 seqq.
669 1962 777 2011 stultit:
795 1977 853 2012 nnrn
872 1962 939 2012 bene
955 1963 1104 2022 coherest3
1120 1961 1188 2026 qnod
1205 1971 1235 2012 et

128 2028 196 2077 sidit
205 2028 325 2090 vulpino,
336 2035 372 2090 et,
382 2027 403 2078 si
415 2026 509 2077 clarius
526 2027 695 2090 exposuisset,
709 2026 735 2077 J.
745 2025 890 2076 Sehrsdero
905 2040 1072 2089 persuasurus
1082 2025 1156 2076 emt.'
1189 2024 1232 2074 Ad

126 2090 186 2156 ipss
196 2091 288 2142 Nostri
299 2090 439 2156 serhsjnm
448 2105 496 2140 nos
507 2097 696 2140 convertamus.
714 2091 722 2118 ‘
734 2090 895 2140 Membrsnre
903 2091 998 2140 hebent
1007 2088 1063 2138 fere
1071 2087 1234 2153 [etomniao]

126 2156 261 2206 sredifalar
269 2171 293 2205 o.
305 2155 375 2219 qnod
387 2163 474 2205 tsmen
487 2155 570 2204 minos
581 2161 670 2218 eptnm
682 2160 722 2203 est
751 2169 808 2204 uam
818 2154 958 2219 mershem,
968 2161 1006 2216 et,
1018 2159 1047 2203 ut
1057 2153 1168 2217 ridetur,
1178 2153 1234 2218 huj.

126 2221 207 2282 ipsius
219 2219 402 2281 iuterpretstio
413 2230 448 2268 ex
460 2218 552 2281 marg!
567 2218 675 2268 Broslsll.
706 2169 819 2280 ‘dulce
829 2219 891 2283 quis
901 2233 953 2268 sec.
965 2217 1090 2280 Scaligert
1104 2225 1233 2281 transpos.

128 2284 224 2334 iterum
234 2284 351 2349 sequitur
361 2282 541 2360 ‘querentur'
555 2296 588 2331 ex
600 2283 641 2332 El.
653 2286 677 2332 t.
686 2281 719 2332 t!
736 2283 824 2332 Barth.
842 2283 956 2346 quicum
972 2283 1136 2332 Lechmsnnc
1151 2283 1233 2336 metir.

127 2349 227 2413 rejicit.
248 2347 409 2398 Broukhnsro
421 2347 531 2398 assentit
547 2347 688 2396 Burin-³
706 2347 774 2402 Quea-
791 2346 906 2398 Broukh.
923 2361 983 2397 curn
997 2347 1139 2412 scaligero.
1171 2346 1234 2397 Fuit

128 2425 189 2464 esu
198 2413 316 2463 Bronhlr.
326 2412 469 2476 conjiceret
478 2411 504 2472 f.
520 2411 610 2474 dicim
621 2409 688 2475 quoti
699 2409 828 2461 firmatum
840 2411 940 2462 invenit
954 2426 972 2461 s
987 2412 1063 2462 Perr.
1081 2427 1106 2462 r.
1122 2427 1147 2463 c.
1178 2411 1232 2462 Sed

127 2476 231 2528 hssuas
247 2476 365 2529 annet.
397 2477 487 2528 Douss
498 2475 531 2526 P.
547 2475 574 2526 lo
589 2473 675 2526 fronte
690 2475 740 2527 Ed.
752 2475 858 2528 Csuterl
870 2476 1043 2527 plantiniana
1056 2476 1235 2539 soluitspsoles

127 2542 268 2593 tien-4
285 2543 293 2571 ⁸
304 2541 393 2604 lgneo
403 2541 501 2592 hebent
512 2548 571 2590 octo
582 2541 647 2590 tiss.
658 2553 717 2589 cum
729 2539 791 2590 edd.
802 2555 843 2604 pr.
870 2541 969 2604 Ιιιωοο
979 2539 1099 2592 defendit
1109 2540 1232 2591 Psssers-

128 2607 198 2669 tius;
216 2605 334 2657 sednon
350 2620 398 2668 ego
414 2604 535 2656 credulus
546 2603 592 2654 illi.
624 2601 752 2654 Defendit
769 2611 796 2654 et
813 2604 898 2654 Corda
911 2605 943 2654 sd
955 2605 1028 2668 Virg.
1044 2617 1072 2652 x.
1097 2605 1155 2654 AEn.
1173 2608 1232 2653 582.

128 2669 181 2721 Sed
207 2670 270 2720 nihil
295 2667 390 2720 sudio!
413 2669 522 2720 emus.
555 2669 673 2731 ‘Ignosco
690 2667 740 2719 Ed.
760 2683 801 2733 pr.
819 2669 915 2720 Venrt.
935 2666 1015 2718 Aldd.
1038 2666 1120 2718 Colin.
1148 2667 1232 2718 Lond.

129 2731 585 2798 Igsoseoliilselogaoseotsoiieins.
593 2733 629 2783 N.
637 2731 718 2796 Prop.
725 2738 753 2782 et
760 2731 828 2782 Aris.
856 2731 1144 2794 ‚esetttarthtlgsm
1152 2732 1233 2796 Regg.

129 2799 258 2850 Golhertt.
270 2799 346 2850 Burs.
356 2798 417 2848 Vnt.
428 2802 453 2849 1.
462 2802 488 2850 Ι.
505 2797 592 2861 Nesp.
608 2797 719 2847 Mentel.
736 2797 800 2848 Exc.
842 2797 885 2847 od.
897 2795 1089 2848 senatvm.
1105 2796 1231 2860 (irnsing.

129 2863 212 2914 nors.
222 2863 283 2914 rael.
306 2861 407 2914 lnsliis
422 2869 509 2912 umen
524 2861 624 2912 sectlns
640 2862 746 2924 heom,
761 2861 831 2926 qnod
847 2867 1012 2926 propugnsut
1028 2861 1195 2912 Passeratius
1205 2867 1234 2912 et

128 2927 216 2980 livio.
229 2926 441 2991 Igssoeslegehst
449 2923 692 2978 uetustissimo.
702 2924 1134 2990 velhegsomoscripseritsnctor!
1144 2925 1233 2976 Buris.

127 2992 255 3044 ‘Temere
266 2993 444 3044 Bnrmsonnm
452 2991 537 3052 msere
546 2989 689 3040 oblitersre
707 2997 828 3040 onustum
844 3005 902 3041 esse
919 2997 992 3040 recte
1003 2989 1102 3041 monuit
1115 2989 1232 3040 tlusclrk.

127 3053 206 3110 Anti.
225 3055 291 3108 Ctit.
311 3072 339 3121 p.
358 3055 424 3106 ise!
440 3055 517 3104 Kos's.
548 3053 639 3118 'Intro
658 3053 765 3103 exhibet
782 3054 886 3103 mcum.
913 3054 1016 3117 imploro
1034 3053 1104 3117 conj.
1122 3053 1232 3103 Ele—o

132 3121 165 3170 tlt
175 3121 194 3171 i.
212 3120 314 3186 (tryph.
324 3126 349 3171 o.
372 3121 396 3170 1.
408 3133 451 3170 ees
460 3119 488 3169 J.
499 3119 524 3168 d.
534 3118 586 3167 ato
597 3116 702 3181 legebat
710 3117 804 3169 Heius.
824 3119 833 3146 ⁴
844 3118 898 3166 Per
907 3117 1094 3182 oppositionem
1106 3117 1233 3179 capienda

129 3184 179 3236 lats
196 3192 267 3246 suot,
281 3183 456 3246 isesditrligns
471 3182 508 3232 orl
521 3183 582 3232 Joos
599 3195 666 3230 soror
680 3189 711 3232 et
727 3181 813 3230 issent
832 3182 922 3230 Pallas.
953 3181 1076 3230 Ceterum
1093 3179 1232 3229 sdmoslum

128 3248 194 3299 dors
204 3255 244 3300 est
255 3248 312 3299 hec
324 3249 464 3312 appositio,
474 3253 504 3296 st
514 3260 558 3296 sos
577 3245 627 3296 icio
643 3246 678 3297 sit
694 3245 829 3310 scripsisse
840 3244 1007 3310 Propertium
1017 3250 1041 3294 rt
1049 3244 1147 3306 hedit,
1157 3245 1194 3294 ael
1203 3245 1232 3296 J.

128 3313 301 3376 ὤμνυον,
318 3313 353 3364 Ul
369 3327 421 3364 osus
440 3312 477 3364 D.
490 3313 532 3374 iro.
558 3262 596 3362 dt
614 3310 772 3374 pmhshillus
791 3310 980 3376 videturqnsnr
997 3309 1065 3374 quod
1085 3309 1232 3360 lleiesioin

129 3386 244 3430 tuentem
254 3377 334 3430 venit.
349 3374 461 3429 Prosit
473 3389 537 3428 sero
551 3375 585 3426 Ut
596 3375 680 3426 lirin.
687 3375 745 3440 jem
756 3375 839 3428 solnlt
850 3381 879 3426 et
889 3373 973 3426 ltnlus
982 3375 1010 3426 in
1021 3373 1117 3425 colet!
1133 3373 1232 3426 Iaehm.

627 3517 734 3572 NOPAE

129 3641 186 3688 tete
195 3636 291 3687 mouri
302 3642 348 3687 snt
358 3635 491 3702 corrnmpl
502 3635 643 3686 desiderat.
702 3641 758 3687 tum
769 3632 878 3686 Deshns
887 3633 965 3698 longe
975 3629 1152 3682 formosiorem
1163 3629 1233 3681 inter

160 3717 177 3764 4
193 3713 300 3778 Jupiter,
320 3714 406 3776 igssro
419 3712 504 3777 stato]
537 3712 661 3763 Retlnsn·
701 3713 823 3762 mortales
832 3710 967 3776 relinquas.

130 3790 191 3841 dnm
208 3789 314 3852 ἰμωω,
333 3795 364 3838 nt
382 3801 472 3840 sensus
490 3788 540 3838 sit:
564 3787 661 3840 Nescio
733 3788 877 3837 ellestram
887 3783 1063 3847 lctsCsrpsm]
1087 3781 1231 3832 lustacor·

129 3879 176 3916 eur
185 3870 241 3915 tem
249 3865 344 3914 multas
353 3863 417 3914 olim
427 3863 543 3928 rapueris
552 3870 580 3913 et
591 3877 661 3914 com·
701 3859 925 3928 porismsgnltudo
936 3860 962 3908 ln
969 3858 1079 3907 foeminis
1086 3856 1165 3904 etism
1177 3856 1231 3905 leu-

129 3939 257 4006 presseris
267 3940 387 4004 puellm
405 3940 461 3989 rel:
480 3939 662 4004 Noupatoes,
701 3939 792 3989 detur:
810 3934 920 3986 Aristot.
938 3947 978 3983 ιν.
995 3931 1081 3982 Ethic.
1096 3929 1231 3980 ‘Pulchri-

130 4031 187 4082 quse
198 4013 232 4065 de
243 4016 295 4066 tuis
306 4015 562 4081 sntiqals.sdnltariis
573 4015 662 4065 dicon-
701 4014 766 4065 tudo
784 4013 901 4063 consistit
916 4011 943 4060 in
959 4023 1053 4074 magno
1070 4017 1189 4072 corpore,
1205 4012 1233 4056 et

130 4100 183 4156 tur,
194 4105 252 4142 esse
264 4103 335 4157 sert,
346 4099 425 4158 teque
437 4098 490 4143 tarn
502 4093 595 4142 multss
614 4105 662 4155 pu·
702 4090 774 4156 psrvi
783 4088 883 4153 pulchri
894 4101 949 4136 esse
960 4101 1010 4136 uon
1022 4082 1147 4149 possunt!

131 4167 195 4220 elles
214 4168 340 4234 espeisse,
363 4167 571 4234 quondoquidem
596 4167 664 4234 cyn-
733 4159 1148 4225 tllsostlitseldsacdigsesomr]
1171 4159 1233 4210 ‘ls-

131 4244 209 4296 thism
220 4242 335 4312 mstquts
351 4243 470 4297 omnihus
482 4250 537 4296 tom
550 4241 663 4296 luminis
700 4240 809 4306 ⁴oedere’
832 4239 956 4293 nobilium
982 4247 1026 4290 est
1049 4249 1231 4305 personarent
