2920 4770
601 327 809 382 ΡΩΒΙΑΤΙΟ.

520 697 883 770 EXCERPTA

240 921 279 998 Ε
318 922 371 998 C·
407 921 750 1000 LACHMANNl
785 927 1160 1008 PRAEFATIONE.

572 1145 838 1164 Μ

150 1267 256 1363 Com
278 1296 503 1384 intelligerem
523 1289 654 1388 priores
669 1304 819 1382 criticos,
834 1321 962 1382 omnes,
976 1303 1036 1387 qui
1050 1307 1178 1383 extant,
1193 1322 1252 1370 co·

150 1399 245 1468 dices
260 1400 502 1486 Propertianos
520 1413 671 1472 recentes
685 1404 933 1491 pronuntiasse,
954 1411 1144 1482 contentos,
1157 1405 1252 1471 nullo

151 1500 277 1568 dilectu
290 1503 487 1583 sacto,nunc
502 1527 546 1572 ex
560 1507 639 1586 hoc,
647 1526 736 1571 nunc
744 1526 789 1571 ex
803 1506 864 1572 illo
880 1505 1063 1590 scripturas
1078 1507 1252 1590 elegantiae

151 1603 286 1687 quidem
302 1607 417 1690 specie
431 1628 497 1673 non
511 1629 587 1676 raro
602 1607 855 1687 blandientes,a
870 1608 989 1674 ceteris
1001 1626 1081 1674 vero
1095 1609 1252 1674 omnibus

149 1709 348 1793 plerumque
364 1710 449 1775 miro
471 1711 574 1777 modo
589 1710 833 1794 discrepantes,
849 1727 966 1774 secure
987 1708 1073 1773 satis
1087 1709 1253 1794 recipera3
1298 1765 1302 1773 .

150 1829 293 1895 cumque
306 1830 367 1895 ego
391 1811 426 1876 id
448 1813 576 1880 criticas
598 1831 701 1896 genus
721 1813 821 1879 valde
840 1811 1006 1877 lubricum
1027 1830 1068 1876 ac
1083 1811 1253 1895 periculo·

149 1931 224 1977 snm
247 1912 465 1998 deputarem
486 1915 600 1981 visum
622 1921 676 1980 est
697 1914 780 1978 mibi
802 1915 837 1979 in
859 1933 929 1978 rem
951 1911 1107 1979 omnibus
1124 1921 1252 1992 notam,
1318 1985 1336 2010 x

151 2013 210 2079 sed
233 2013 411 2081 intentiore
436 2035 517 2082 cura
540 2017 653 2083 adbuc
678 2017 849 2100 indignam
871 2017 990 2094 visam
1013 2034 1065 2093 eo,
1087 2035 1156 2098 quo
1178 2015 1253 2082 lieri

149 2121 279 2198 posset,
305 2115 417 2182 studio
439 2116 614 2201 inquirere.
659 2117 809 2196 Scilicet,
832 2136 910 2183 curn
931 2118 1017 2184 inter
1039 2135 1155 2182 omnes
1170 2136 1251 2184 con·

149 2217 421 2295 staretsaeculis
444 2226 527 2304 post
550 2219 720 2285 decimum
749 2223 869 2302 quarto
894 2219 1081 2302 quintoque
1102 2219 1194 2284 viros
1216 2220 1253 2284 in

147 2315 263 2395 Italia,
276 2325 317 2383 ut
338 2319 474 2385 illorum
496 2328 686 2406 temporum
707 2321 795 2387 ratio
817 2319 958 2398 ferebat,
983 2320 1202 2386 doctissimos
1216 2321 1251 2384 in

148 2419 304 2484 omnibns
318 2441 415 2504 paene
426 2422 656 2506 scriptoribus,
665 2422 700 2487 in
712 2422 767 2486 bis
780 2427 894 2487 antem
905 2427 1056 2487 amorum
1068 2421 1250 2487 triumviris

147 2520 365 2588 emendandis
378 2522 412 2588 J.
425 2523 460 2590 J.
475 2523 669 2590 Pontanum
682 2543 755 2608 prae
767 2525 888 2590 ceteris
902 2542 970 2588 non
986 2541 1067 2588 sane
1080 2522 1251 2589 infelicem

147 2643 285 2708 operam
299 2627 466 2709 posuisse,
481 2635 629 2692 ceterum
650 2627 757 2692 multa
777 2645 847 2691 non
860 2625 1031 2691 intellecta
1045 2645 1067 2690 a
1081 2621 1119 2690 se
1134 2645 1251 2710 perpe·

146 2745 220 2792 rum
234 2733 268 2792 et
281 2727 374 2792 inani
389 2730 631 2814 temerarioque
646 2736 773 2795 conatu
788 2727 1157 2806 immutavisse‚bornm
1170 2747 1251 2794 varo

148 2835 340 2895 commenta
353 2829 389 2894 ln
403 2849 503 2908 nova,
512 2850 589 2915 quae
600 2849 645 2895 ex
659 2849 774 2897 eorum
789 2829 968 2895 codicibus
977 2829 1250 2908 describerentur,

147 2931 303 3014 exempla
325 2933 519 2998 transiisse:
553 2952 651 2999 nemo
675 2940 790 3000 tamen
813 2933 967 2997 inventus
993 2937 1057 3010 est,
1081 2933 1140 3017 qui
1162 2932 1250 2996 banc

146 3050 215 3096 rem
230 3035 289 3097 aut
302 3031 369 3098 bos
384 3031 508 3116 podtas
524 3054 567 3101 ea
581 3053 662 3100 cura
670 3034 790 3116 dignos
806 3037 966 3110 censeret,
979 3039 1029 3112 ut,
1041 3034 1100 3117 qul
1114 3033 1250 3100 codices

146 3139 292 3199 veterem
306 3153 348 3199 ac
364 3134 529 3201 sinceram
543 3137 744 3223 scripturam
756 3140 912 3213 tenerent,
921 3135 980 3218 qul
994 3153 1016 3198 a
1030 3133 1142 3200 doctis
1151 3133 1251 3199 italis

145 3235 334 3320 interpolati
347 3243 476 3315 essent,
492 3237 572 3304 data
584 3257 687 3323 opera
702 3257 744 3303 ac
760 3235 909 3320 diligenti
925 3234 1048 3299 mentis
1067 3235 1250 3301 intentione

144 3336 370 3418 investigaret.
415 3337 497 3403 Hoc
511 3359 591 3404 vero
606 3339 636 3404 sl
658 3338 788 3404 factum
801 3337 935 3415 fuisset,
950 3335 1090 3402 dubium
1104 3356 1174 3403 non
1189 3341 1250 3414 est,

146 3440 228 3523 quin
251 3438 311 3504 llla
333 3439 482 3505 carmina
498 3438 699 3525 jamdudum
723 3439 840 3505 multis
862 3437 1018 3524 partibus
1046 3438 1187 3505 meliora
1216 3443 1251 3502 et

144 3541 306 3624 pristinae,
321 3561 422 3624 quam
437 3542 481 3607 ab
496 3542 690 3608 auctoribus
712 3543 784 3608 suis
799 3546 1011 3627 acceperant,
1025 3540 1143 3608 lonnm
1153 3539 1248 3607 baud

144 3642 385 3727 paulominus
414 3642 595 3710 dissimilia
615 3645 761 3710 babituri
786 3663 949 3710 essemus.
999 3639 1114 3736 Quam
1142 3643 1250 3708 multa

145 3743 237 3810 enim
249 3743 396 3810 editores
410 3743 646 3811 immutaturos
663 3745 770 3811 fnisse
793 3751 905 3831 putas,
920 3746 952 3812 si
968 3745 1150 3811 scivissent
1163 3745 1250 3810 inter

146 3852 229 3912 octo
255 3845 530 3912 Broukbusianos
552 3845 726 3932 Propertii
749 3847 885 3913 codices
909 3848 994 3913 duos
1018 3852 1158 3926 tautum,
1182 3851 1249 3912 tres

145 3955 330 4034 quatuorve
345 3968 389 4013 ex
402 3947 468 4028 bls,
483 3968 625 4033 qnomm
641 3948 812 4032 Excerpta
827 3949 1017 4014 Burmannc
1031 3954 1155 4034 presto
1172 3947 1247 4014 sne·

144 4055 221 4115 runt
240 4049 376 4136 (babuit
390 4055 505 4117 autem
518 4057 677 4117 enotatas
692 4051 784 4117 lectt.
798 4050 956 4116 libromm
970 4049 1071 4115 ferme
1085 4047 1248 4140 binium),

145 4151 183 4218 iu
196 4151 352 4218 codicum
364 4171 433 4218 non
448 4152 584 4240 quidem
602 4152 802 4238 optimorum
816 4156 875 4218 aut
890 4151 1100 4238 antiquorum
1115 4149 1248 4238 (omnes
