2920 4770
211 289 256 358 8⁰
489 303 575 354 snx.
597 303 687 354 surr.
712 301 914 354 ruorunnrt
941 301 1028 352 vrrs

211 447 403 516 exoculari
424 447 540 514 docuit
560 445 780 530 inspectione,
799 445 942 512 acclivis
961 452 1026 523 ert,
1050 449 1082 511 et
1104 463 1150 510 ex
1172 444 1241 510 imo
1264 444 1309 511 ad

210 551 368 616 verticem
386 550 565 631 consurgit.
609 547 760 614 Verbum
774 547 861 613 euim
884 545 1107 626 ‘scandendi,’
1121 567 1201 631 ¹quo
1225 547 1310 612 Pro-

210 653 338 738 pertius
353 652 469 730 utitur,
483 656 547 729 est,
562 649 764 734 pedetentim
786 654 821 713 et
843 667 904 731 per
925 647 1078 713 diversos
1098 646 1220 730 gradus
1234 667 1310 712 sese

211 755 377 833 attollere,
394 752 483 838 quod
504 751 543 818 fit
560 754 594 817 in
615 752 697 817 urbe
721 750 766 816 ed
789 750 915 815 clivum
940 748 1117 835 quendam,
1142 748 1311 816 reclinato

210 858 278 924 situ
294 856 419 941 posita.
455 853 586 920 Deinde
598 854 694 920 lacus
705 852 834 919 Umber
843 851 1024 918 manifesto
1037 849 1310 918 estGlitnmuus:

210 959 279 1025 rid.
293 964 362 1026 unt.
377 958 421 1024 erl
437 973 487 1022 rr.
501 957 533 1022 1.
548 955 623 1023 124.
638 955 718 1022 coil.
736 972 776 1020 11.
791 955 846 1021 19.
859 954 913 1020 25.
934 951 1128 1019 ‘Probabile
1141 953 1230 1018 enim
1244 959 1309 1032 est,

211 1057 386 1145 cynthiam
399 1060 434 1125 in
448 1059 559 1145 patrie
572 1057 691 1126 Pottoe
705 1057 903 1123 rusticalem
924 1055 1042 1134 inisse,
1063 1073 1221 1138 quorsum
1238 1055 1311 1138 ipsi

210 1181 293 1228 mox
313 1161 430 1229 volere
450 1160 628 1246 Propertio
650 1158 781 1228 animus
805 1165 878 1226 erat
900 1177 969 1224 sec.
988 1177 1039 1224 va
1059 1157 1113 1225 27.
1157 1155 1312 1224 Tandem

211 1264 364 1330 Perusiae
384 1265 544 1352 opposite
563 1269 616 1331 est
635 1265 697 1343 ita,
716 1269 756 1329 ut
776 1282 836 1346 per
859 1279 1015 1345 campum
1035 1258 1251 1326 Merauatem
1275 1264 1311 1324 et

211 1364 416 1434 Clitumnum
428 1365 703 1451 progrediendum
722 1366 766 1432 sit
782 1364 826 1430 erl
840 1365 954 1430 urbem
970 1362 1113 1447 petriam
1127 1360 1309 1446 Propertii,

209 1487 287 1552 quae
308 1469 477 1552 consurgit
500 1467 625 1534 uertice
644 1467 836 1534 scandentis
853 1465 953 1544 arcis,
968 1486 997 1531 s.
1010 1463 1132 1530 montis
1145 1463 1309 1548 paulatim

210 1587 248 1634 se
275 1589 353 1636 cum
377 1571 458 1636 urbe
483 1569 679 1660 attnssentis,
728 1569 826 1635 Adde
853 1567 945 1653 quod
974 1565 1168 1649 Hispellum
1197 1565 1311 1632 solum

210 1671 304 1738 ‘noti
318 1669 481 1737 Penates'
503 1671 616 1754 [rv.1.
631 1669 691 1737 121
697 1669 721 1751 .]
741 1669 857 1737 uocari
872 1671 1015 1753 possunt
1028 1669 1073 1735 ab
1087 1667 1308 1752 Horoscopo,

209 1773 332 1856 partim
344 1777 481 1857 propter
494 1771 660 1837 coloniam
674 1771 773 1836 Rom
789 1789 810 1836 e
822 1770 845 1836 J
849 1768 893 1834 ul.
911 1767 1047 1836 Cmsare
1060 1787 1102 1836 eo
1117 1768 1308 1846 deductam,

210 1874 332 1958 pertim
346 1877 486 1958 propter
504 1871 662 1939 balneum
679 1873 727 1938 ibi
740 1871 1088 1956 frequentatissimum.
1133 1873 1223 1939 Haec
1235 1891 1308 1938 om·

209 1973 268 2039 nia
281 1973 440 2039 Donnole
453 1973 563 2038 insius
585 1973 746 2058 exposita
764 1972 1031 2038 testimoniorum
1049 1975 1308 2042 auctoritatibus

208 2077 363 2155 munivit,
378 2076 453 2142 aliis
467 2075 575 2142 etiam'
586 2076 721 2143 levioris
744 2076 904 2140 momenti
929 2077 1132 2159 argumentis
1154 2075 1309 2160 piurimis

208 2175 373 2260 adjectis3
395 2195 473 2261 qum
487 2177 547 2262 qui
562 2195 761 2260 cognoscere
774 2179 862 2254 avet,
877 2175 909 2240 is
923 2176 1013 2242 facili
1033 2179 1170 2263 negotio
1185 2177 1308 2244 librum

209 2277 322 2363 ipsum
337 2276 505 2343 Donnolae
530 2275 623 2343 adire
637 2277 769 2362 poterit.
814 2275 893 2342 Nos
908 2278 1044 2361 potiora
1057 2285 1093 2344 et
1106 2279 1309 2362 gravissima

210 2379 295 2446 eden
318 2378 487 2463 complexi
500 2383 695 2462 argumenta
708 2397 753 2443 ex
768 2397 808 2444 eo
822 2381 1071 2464 proposuimus,
1084 2381 1166 2465 quia
1184 2401 1309 2464 cogno·

207 2498 376 2559 voramus,
399 2478 599 2564 Philippum
615 2478 758 2546 Silvium
780 2499 848 2545 non
872 2482 954 2546 satis
975 2491 1131 2548 accurate
1146 2483 1183 2548 iu
1206 2502 1257 2554 en.
1272 2499 1308 2548 re

208 2586 374 2647 versatum
387 2579 513 2661 fuisse;
532 2581 583 2647 ite
595 2585 645 2660 ut,
669 2579 745 2666 ejus
758 2580 917 2666 Epitome
930 2582 1033 2663 lecte,
1045 2583 1154 2649 multo
1165 2584 1305 2670 quidem

205 2681 365 2748 incertior
386 2681 447 2760 sis,
471 2699 574 2767 quam
596 2687 685 2748 ente.
729 2681 887 2748 Ceterum
911 2683 1102 2768 sepulcrum
1124 2685 1305 2771 Propertii,

206 2783 388 2849 recentiore
402 2787 501 2848 aetate
517 2782 667 2868 Hispelli
682 2781 864 2861 detectum,
887 2803 953 2849 nou
976 2784 1049 2852 leve
1066 2787 1200 2873 pondus
1214 2787 1307 2854 addit

206 2884 375 2952 Donuolte
389 2883 581 2962 sententie,
605 2880 743 2948 uterino
758 2881 968 2968 Propertium
980 2885 1016 2950 in
1029 2893 1202 2971 posterum
1216 2887 1303 2954 His·

206 2985 364 3069 pellatem
391 2984 580 3052 mbendum
601 2983 662 3049 vix
685 2983 833 3050 dubitari
860 2989 965 3069 posse
986 2985 1153 3053 uideatur.
1206 2989 1303 3056 Satis

206 3086 338 3154 interim
351 3086 491 3154 ridicule
512 3085 644 3152 Auctor
658 3086 826 3152 ‘liemon
849 3087 1000 3153 Triuolt.'
1020 3088 1099 3156 loco
1122 3088 1210 3162 inire
1231 3091 1307 3158 lau·
1367 3123 1370 3130 ·

206 3187 329 3268 dando,
355 3184 649 3266 ‘J’accorderom’
673 3187 793 3271 inquit,
816 3191 922 3254 ‘sens
944 3190 1119 3274 beaucoup
1141 3191 1185 3256 de
1204 3195 1305 3276 peine

205 3304 229 3353 n
241 3286 406 3354 Thaddee
420 3289 576 3355 Donuola
590 3285 671 3373 qu’il
685 3288 772 3354 etoit
786 3288 828 3354 de
843 3289 968 3373 Spello,
984 3292 1096 3374 quand
1111 3292 1139 3357 il
1149 3313 1188 3358 se
1199 3294 1307 3360 seroit

205 3389 350 3475 spargue
365 3389 409 3454 de
423 3389 602 3472 prodiguer
615 3393 687 3454 tent
710 3387 754 3454 de
768 3389 917 3457 decuma
931 3410 987 3456 sur
1006 3409 1051 3456 un
1071 3394 1158 3479 sujet
1171 3395 1217 3459 tel
1237 3415 1305 3480 qne

205 3487 367 3554 celui-la:
410 3487 466 3554 Ne
487 3489 586 3573 igitur
610 3495 645 3556 et
666 3508 729 3557 nos
753 3485 903 3574 cuipiam
924 3491 1122 3576 prolixitate
1144 3483 1251 3562 nimia
1268 3499 1307 3564 in

204 3587 271 3654 hac
284 3606 320 3654 re
342 3589 558 3656 occasionem
581 3591 700 3656 demus
722 3590 822 3658 iidem
847 3591 1016 3660 Donnclm
1040 3595 1209 3676 elevandi,
1233 3617 1307 3666 ucr-

204 3689 286 3756 bum
299 3707 366 3760 uon
380 3691 524 3776 amplius
538 3691 712 3760 addemus.

542 3839 666 3894 ΜΗ.
682 3845 741 3895 trr.
772 3841 906 3908 Propertii
921 3847 962 3894 iti.

517 3920 780 3974 c.vttrtm1³snrr.
825 3922 857 3974 Α.
877 3922 988 3975 Hirtius.

247 4015 380 4083 Bellum
396 4015 598 4086 Mutinense.
643 4019 788 4087 Ovidius
805 4027 914 4087 natus.
958 4021 1138 4092 circahoo
1154 4031 1305 4116 tempus,

204 4115 261 4184 rel
282 4124 371 4186 certe
385 4137 453 4186 non
472 4119 522 4188 ita
535 4121 644 4190 multo
656 4125 749 4208 post,
766 4121 911 4190 sortasse
926 4143 1012 4193 anuo
1024 4133 1194 4213 sequente,
1208 4140 1309 4216 peter
