2920 4770
194 276 217 344 8
637 289 844 340 rnnrrrro.

193 435 252 499 rit.
281 431 413 496 Habuit
428 429 640 508 Gebbardus,
654 431 757 498 sicuti
772 431 846 514 ipse
858 430 899 494 iu·
909 427 1010 496 Praei.
1025 429 1070 494 ad
1086 427 1287 496 Animadvv.

193 552 274 598 suas
289 533 416 608 scribit,
430 533 517 596 duos
534 531 701 615 Propertii
710 531 807 597 codd.
822 551 843 594 e
858 530 1019 596 Biblioth.
1033 531 1291 598 instructissima

193 633 362 699 Palatina.
407 633 523 716 Pergit
551 632 690 698 deindo:
713 632 895 698 ‘Gruterus
923 637 1037 696 noster
1062 632 1141 698 mihi
1165 632 1289 698 librum

192 753 302 813 suum,
334 752 435 817 quem
463 751 539 798 cum
568 734 770 806 membranis
799 731 995 817 Hieronymi
1020 731 1185 798 Comelini
1207 740 1289 798 ante

193 855 300 902 annos
315 833 383 901 iere
398 833 490 900 XX.
506 834 659 900 studioso
672 834 871 912 contulerat,
885 834 1166 900 communicavit'
1188 834 1288 900 Sum·
1366 837 1368 840 ’

191 956 249 1003 ma
263 937 477 1002 accuratione
496 937 707 1002 collationem
733 936 832 1002 codd.
856 957 878 1002 a
900 936 1080 1004 Gebhardo
1093 937 1288 1014 institutam,

192 1039 358 1122 inspectio
387 1038 487 1103 docet
505 1038 660 1116 ocularis,
683 1037 764 1105 dum
792 1038 846 1104 vel
868 1039 944 1121 ipsa
971 1038 1179 1104 librariorum
1202 1037 1289 1103 vitia

191 1147 326 1206 enotata
344 1139 504 1204 exhibent
525 1138 602 1224 ejus
626 1139 956 1206 Animadversioues.
998 1137 1144 1205 Secutus
1158 1138 1288 1204 estJa·

191 1261 255 1306 nus
279 1240 523 1322 Broukhusius,
542 1243 600 1327 qui
622 1263 664 1308 ea
687 1243 811 1320 omniu,
834 1261 911 1326 quae
925 1247 1147 1307 antecessores
1162 1241 1237 1325 ejus
1251 1239 1287 1306 in

191 1341 341 1407 medium
355 1343 539 1422 attulerant,
555 1345 590 1407 iu
605 1361 687 1408 usus
701 1363 783 1408 suos
798 1341 981 1407 convertit:
1005 1351 1041 1406 et
1054 1341 1165 1408 varios
1178 1359 1287 1406 novos

192 1443 290 1509 codd.
319 1439 441 1528 partim
469 1445 619 1528 inspexit
647 1447 733 1530 ipse,
756 1445 878 1530 partim
901 1443 945 1507 ab
966 1440 1044 1507 aliis
1065 1440 1289 1508 excutiendos

191 1547 333 1612 curavit.
377 1546 474 1612 Idem
502 1547 615 1624 etiam,
643 1566 720 1630 qum
749 1565 772 1611 u
793 1541 1287 1628 Guyeto,1.ipsio,Tumebo,

192 1648 350 1727 Heinsio,
363 1649 497 1732 purtim,
519 1647 654 1713 eeodd.
671 1647 758 1714 Mea.
780 1648 902 1732 purtim
922 1664 967 1710 ex
979 1645 1109 1728 iugenio
1123 1645 1287 1728 cujusquo

191 1749 322 1832 prolatu
343 1747 484 1825 suerunt,
505 1747 549 1814 ad
567 1753 761 1814 contextum
780 1747 944 1830 Propertii
957 1745 1196 1812 emendandum
1209 1765 1287 1812 oon-

190 1851 313 1933 gessit3
339 1849 388 1914 ita
411 1853 533 1927 tamen,
547 1857 586 1914 ut
608 1849 788 1934 aliquoties
808 1847 1022 1932 conjecturas
1044 1856 1079 1912 et
1101 1847 1237 1914 Heinsii
1253 1853 1288 1914 et

191 1970 271 2016 suus
293 1951 329 2016 in
343 1955 470 2016 textum
484 1951 656 2035 reciperet,
672 1949 948 2036 quemadmodum
962 1951 1037 2034 ipse
1057 1950 1169 2018 fassus
1184 1955 1237 2016 est
1249 1949 1287 2014 in
1386 2005 1389 2010 .

191 2052 292 2119 Prtef.
317 2051 370 2118 ed.
393 2051 528 2136 prioris,
548 2073 611 2120 uec
639 2053 839 2139 provideret,
860 2059 898 2118 ut
911 2053 1046 2118 innova
1058 2051 1205 2117 editione
1220 2051 1286 2116 sai-

189 2163 269 2232 tem,
282 2172 360 2239 qnue
375 2161 606 2238 postmortem
624 2156 757 2221 demum
771 2155 893 2222 summi
906 2153 983 2218 Viri
997 2159 1115 2218 curate
1128 2153 1203 2232 fuit,
1216 2173 1287 2220 rur·

191 2275 264 2334 suu,
278 2263 318 2320 ut
332 2253 404 2320 fieri
418 2257 608 2343 oportebat,
622 2255 831 2340 ejicerentur.
874 2253 973 2320 Adeo
983 2273 1101 2320 sumus
1123 2255 1287 2336 homines,

189 2363 222 2424 et
236 2364 350 2424 nostra
375 2358 544 2424 amamus!
588 2355 688 2422 Circa
709 2356 796 2422 idem
818 2364 962 2440 tempus,
984 2363 1017 2422 et
1045 2357 1161 2422 eodem
1186 2375 1286 2435 anuo,

189 2478 258 2542 quo
274 2458 510 2526 Bronkbusius
532 2459 745 2543 Propertium
767 2460 811 2524 ab
832 2479 869 2524 so
891 2465 1042 2524 ornatum
1058 2458 1186 2542 publici
1196 2457 1286 2543 juris

189 2559 280 2639 fecit,
305 2561 407 2626 etium
429 2560 494 2626 Vir
518 2562 650 2627 doctus¹
678 2559 904 2642 cantabrigiae
927 2560 1166 2624 benemeritus
1180 2565 1231 2624 est
1244 2559 1287 2625 de

191 2660 366 2745 Propertio
379 2657 513 2744 uostro;
527 2681 593 2728 non
606 2663 661 2728 illo
681 2663 815 2748 quidem
835 2661 1009 2726 codicibus
1024 2660 1068 2726 ab
1082 2681 1120 2726 se
1142 2661 1220 2745 ipso
1234 2661 1286 2726 iu·

191 2764 317 2844 speetis
332 2783 426 2840 usus,
453 2763 682 2848 (nequeenim
696 2766 731 2828 iu
746 2762 873 2844 Anglia
886 2762 973 2827 ullus
988 2762 1154 2847 Propertii
1176 2763 1286 2828 codex

190 2863 330 2928 extabat
348 2869 425 2928 tuuc
449 2864 630 2948 temporis;
659 2869 703 2942 et,
727 2883 803 2947 quue
818 2863 943 2948 scripta
955 2864 1160 2947 exemplaria
1173 2863 1286 2930 Gatnl.

154 2948 161 2958 ’
190 2962 278 3030 Mes.
293 2962 403 3029 Oxou.
419 2966 500 3031 edit.
515 2984 603 3030 anuo
617 2963 714 3031 1697.
737 2963 857 3047 Regiae
880 2970 914 3028 et
938 2961 1286 3032 Westmonasteriensi

190 3065 411 3132 Bibliothecis
420 3068 548 3145 tribuit,
556 3085 767 3151 summopere
777 3066 933 3131 scrutanti
941 3066 1033 3131 nulia
1042 3066 1287 3154 occurrebant)

189 3173 332 3234 ettamen
357 3169 536 3236 instructus
561 3189 649 3254 penu
672 3170 825 3247 aliorum,
847 3169 904 3252 qui
929 3170 972 3233 ab
986 3187 1065 3234 oras
1077 3169 1158 3234 libb.
1173 3172 1286 3236 varius

189 3267 345 3334 codicum
373 3268 466 3336 lectt
492 3271 728 3354 ascripserant.
772 3269 1000 3348 Novissimus,
1024 3271 1082 3355 qui
1106 3271 1286 3356 Propertio

189 3374 305 3435 nostro
327 3389 465 3454 operum
488 3389 677 3456 curamque,
696 3390 760 3436 nou
781 3370 986 3436 levidensem
1005 3378 1064 3438 aut
1092 3373 1286 3458 snper-ficiu-

129 3505 135 3520 ·
189 3472 284 3549 rium,
317 3472 490 3555 impendit,
525 3472 589 3539 suit
616 3473 674 3540 Jo.
710 3471 832 3566 Anton.
854 3471 1012 3556 Vulpius,
1033 3473 1197 3556 elegantis
1222 3475 1288 3541 Vir

189 3573 321 3654 ingenii,
336 3591 412 3639 curn
428 3573 622 3640 Passeratio
638 3594 679 3639 ac
696 3573 909 3640 Broukbusio
923 3575 999 3658 pari
1021 3575 1192 3659 diguitatis
1209 3577 1285 3643 loco

188 3672 374 3740 habendus.

113 3787 115 3791 ’
233 3773 379 3859 Operam
393 3775 558 3855 dedimus,
581 3782 622 3841 ut
643 3775 825 3841 editionem
838 3783 987 3842 nostrum
1003 3777 1107 3842 variis
1128 3777 1218 3844 lectt.
1234 3779 1286 3844 in·

683 3910 792 3962 NOTAE

224 4003 279 4053 'Is
297 4003 408 4054 babetur
418 4019 467 4069 pro
485 4006 576 4057 imon
586 4007 680 4058 Verrio
689 4007 716 4055 iu
756 4007 1063 4068 uituoubabeodieere.
1098 4011 1286 4077 compendium

188 4079 277 4129 Diario
293 4079 396 4144 Liprtco
407 4080 433 4129 d.
453 4095 538 4131 neuen
556 4081 716 4132 Biicberrul
755 4082 885 4132 scribendi
904 4083 980 4133 ‘via'
998 4099 1056 4148 pro,
1074 4086 1207 4152 videlicet,
1224 4089 1286 4139 mibi

187 4156 217 4205 r.
229 4155 261 4205 V.
277 4170 303 4220 p.
313 4159 371 4206 tle.
382 4157 411 4207 ia
422 4170 454 4206 rr.
464 4161 488 4207 7.
504 4157 573 4222 quod
585 4171 616 4206 au
628 4171 716 4206 rerum
756 4157 860 4208 viderur
871 4157 981 4223 Argium
993 4161 1112 4223 prodere.
