2914 4764
498 317 570 367 mo.
593 318 617 366 1.
643 281 750 368 runo.
772 305 804 370 7.
1135 306 1201 373 tte

96 458 946 528 Tucoreooslratoocontamnascormioafosto:
1149 464 1194 530 25

137 561 241 647 Saepe
258 562 351 627 venit
364 580 484 644 magno
499 562 627 627 foenere
642 563 755 636 tardus
770 563 885 660 Amor.

17 701 18 744 1
96 743 173 780 m
182 726 323 778 amatorios
332 725 465 794 meruerit
471 726 624 790 rsrtquester
632 727 702 778 enim
712 741 852 777 metamor
864 727 960 778 adnuit
970 669 1108 792 mitono
1119 743 1199 782 mro.

561 850 746 873 mm

17 961 18 966 =
100 937 133 986 N.
142 935 168 985 in
180 933 307 998 Propon
319 933 418 984 vitaod.
436 934 561 998 ingratam
578 932 759 996 repetitionem
777 933 861 996 ejusd.
875 933 953 984 vocis.
987 933 1056 988 notu
1076 935 1097 985 si
1112 941 1202 1001 nostro,

99 1001 181 1062 uari,
192 1005 287 1061 soum,
299 999 454 1063 polyptoton
466 1013 521 1048 esse
535 997 607 1046 diors
615 996 634 1045 i'
651 997 740 1046 Bortl.
775 998 1019 1058 illuminanti.
1053 1000 1143 1050 Nostro
1159 1003 1201 1050 loc

99 1065 199 1114 cotim
216 1064 318 1128 Grypo
329 1068 354 1111 6.
389 1063 480 1112 Mollis
497 1061 586 1113 Ovidii
599 1067 626 1110 et
637 1061 727 1110 Nostri
747 1062 811 1109 locis
830 1061 927 1111 fatetur
938 1063 1100 1113 Burmannus
1112 1079 1200 1114 oecur-

23 1140 32 1156 ·
99 1142 191 1178 terere
229 1129 350 1177 titionem
361 1126 468 1175 earoud.
479 1140 584 1176 vocum:
604 1125 755 1174 taudemsio
767 1127 895 1189 loquitur:
911 1121 920 1155 ‘
928 1125 987 1176 Alio
997 1127 1080 1176 sciam
1091 1137 1200 1192 praten

101 1207 137 1242 eo.
202 1206 233 1242 oo
252 1201 325 1242 certe
343 1192 368 1240 in
381 1191 399 1238 1.
417 1189 480 1239 illud
492 1203 653 1254 concoquere
666 1204 715 1238 nou
728 1191 842 1252 potuisse
855 1191 958 1240 ridetur
974 1190 1114 1241 Heinsius:
1132 1192 1202 1242 ideo-

17 1283 18 1288 =
101 1270 209 1370 laesero
222 1257 264 1305 uel
273 1261 354 1305 moeuo
363 1254 476 1317 legebat.
509 1255 597 1302 Morio
615 1251 774 1316 proferrem,
793 1255 852 1316 qttio
870 1253 946 1303 modo
962 1255 1096 1318 processit
1108 1259 1116 1286 ‘
1129 1271 1201 1306 ueros

16 1373 17 1386 ,
125 1320 196 1380 uor‚'
207 1326 236 1370 et
246 1324 328 1369 motio
339 1320 444 1382 propios
454 1317 556 1368 secedit
566 1317 598 1366 ad
610 1322 699 1367 nostro.
733 1317 761 1366 1².
778 1325 864 1366 tumen
884 1319 1018 1381 scripserit
1034 1318 1114 1382 Prop.
1130 1319 1204 1370 soto'

101 1389 160 1435 -ts
177 1386 271 1434 ‘doces
283 1384 373 1446 scripti
385 1397 490 1431 omnes:
508 1382 553 1430 sed
566 1388 679 1430 testatur
701 1381 817 1444 Scaliger
835 1382 860 1429 iu
879 1397 925 1431 sno
940 1384 992 1432 oola
1013 1391 1147 1435 exaratum
1161 1383 1202 1434 fo·

102 1451 162 1500 isset
182 1449 244 1499 ideo
263 1450 311 1498 ltoc
323 1449 346 1496 ei
368 1447 454 1510 potius
476 1445 573 1494 visum:
592 1459 736 1510 quanquam
756 1459 805 1507 ego
823 1459 872 1494 neo
886 1447 949 1494 iliud
966 1446 1093 1497 damnem.
1128 1449 1201 1498 Tacts

47 1543 56 1561 .
103 1513 229 1577 Grooiog.
260 1511 477 1561 nodiactumest
496 1509 655 1572 oxuttmylt.
674 1510 717 1557 τοῦ
732 1509 845 1570 ‘poeta'
878 1509 959 1560 Palm.
970 1512 1021 1560 nole
1032 1510 1147 1574 legebat,
1158 1527 1204 1576 neg

103 1579 152 1628 seio
164 1579 188 1627 sl
207 1590 241 1626 ex
262 1576 328 1626 'bro.
361 1575 427 1624 Mihi
447 1574 538 1623 diorum
558 1578 600 1621 est
612 1573 748 1622 discedere
767 1588 783 1621 a
800 1580 838 1622 tot
858 1573 961 1636 scriptis
973 1575 1203 1637 consentientibus,

102 1643 173 1692 simol
184 1649 213 1692 et
222 1641 256 1690 ab
267 1639 409 1705 antiquitus
420 1636 506 1688 cusis!
523 1637 632 1686 Broakl.
669 1637 722 1684 Volo
740 1637 834 1699 probat
846 1637 937 1687 Heius.
950 1637 984 1688 Ν.
995 1637 1022 1686 io
1034 1637 1116 1703 Prop.
1149 1640 1204 1689 Ne·

102 1721 147 1768 que
160 1704 354 1766 tamen‘vale,'
371 1703 411 1752 ait
430 1702 523 1752 Barth.
544 1707 644 1751 tantum
663 1700 797 1750 dicebatur
817 1701 849 1748 de
868 1702 984 1762 mortuis,
998 1701 1045 1750 sed
1059 1709 1087 1752 et
1097 1704 1208 1766 ‘jacen‘

103 1768 330 1820 amaxonum.
358 1769 445 1816 ‘doctr
467 1781 482 1817 a
504 1764 652 1815 Passeratio
676 1765 740 1814 bene
764 1765 898 1825 astutitor,
915 1772 942 1814 et
962 1765 999 1814 sic
1017 1766 1203 1826 lenisseetiattt

102 1835 193 1884 Jaoom
205 1832 359 1894 Lerputiom
370 1831 430 1882 inde
442 1836 527 1893 patet,
549 1829 609 1892 quia
627 1834 709 1912 totum
724 1829 791 1920 loo?
808 1843 832 1877 v.
852 1829 986 1892 adoptavit
999 1829 1067 1907 qu
1086 1831 1202 1908 ignomin.

103 1891 1204 2023 lltritnl,lllllttdrltltlinlituliltffltlttlltttt:

16 2041 18 2066 t
103 2037 169 2076 stans
180 2027 245 2076 lect.
257 2040 326 2074 omn.
343 2022 484 2072 membran.
500 2019 563 2132 Soloi
575 2017 643 2132 2⁹⁰⁶
662 2023 788 2068 contendat
805 2019 856 2094 alt..
872 2020 959 2084 Colb.)
974 2035 1050 2084 qoam
1062 2020 1164 2072 facilem
1176 2029 1206 2072 et

102 2093 203 2154 planam
222 2089 293 2138 bene
313 2087 433 2151 exposuit
452 2099 483 2134 ao
519 2081 577 2132 eieu
598 2091 620 2132 tt
635 2090 726 2132 contra
746 2083 867 2132 Palmertl
882 2087 1205 2136 commemoremus

103 2155 265 2204 Passeratius
276 2157 310 2202 1.·
326 2152 357 2201 ln
369 2165 420 2215 quo
432 2149 489 2200 cod.
501 2155 551 2198 vet.
564 2147 590 2196 id
603 2147 730 2196 invenerit
740 2146 911 2210 Passeratius,
926 2162 975 2196 uon
987 2146 1129 2200 indicavit:
1146 2163 1204 2199 com

103 2233 162 2268 rero
173 2218 290 2269 omnium
302 2229 403 2264 suarum
415 2213 585 2262 mutationum
597 2218 728 2260 momenta
745 2209 799 2258 sero
811 2211 921 2273 imputet
934 2211 976 2260 uni
993 2211 1142 2277 Posthiano‚
1153 2219 1206 2264 tes.

103 2283 150 2332 tari
162 2295 243 2345 cogor
262 2280 333 2330 oiltil
347 2278 407 2327 istic
428 2277 558 2326 diversum
581 2290 597 2324 a
617 2275 728 2338 vulgatis
746 2281 851 2334 extare;
874 2274 952 2339 idque
969 2276 1050 2326 oculis
1067 2278 1130 2328 meis
1148 2279 1206 2340 ptos

103 2348 180 2397 semei
193 2346 313 2395 credidi:
333 2342 456 2407 quocirca
471 2347 554 2390 etoos
572 2337 793 2388 contenderimus
808 2339 856 2390 ltoo
868 2337 985 2391 Catone!
1001 2340 1110 2392 Broulrit.
1141 2341 1206 2392 Volt

104 2411 191 2462 Baros.
207 2412 244 2461 tu
253 2424 309 2460 eoos
317 2411 341 2458 ei
351 2408 399 2457 isto
411 2409 527 2456 tao-w
543 2403 634 2454 Lentus
645 2402 739 2454 Dresd.

607 2551 715 2602 NO'l’AE

105 2665 351 2735 poitisiogeniosis.
382 2663 460 2716 Unde
480 2662 557 2713 etiam
575 2661 637 2712 Seu.
679 2661 789 2712 maxime
810 2661 895 2725 Palla,
920 2659 1104 2728 AEternomqoe
1131 2661 1207 2712 vals!

106 2746 138 2796 ad
156 2744 252 2808 Polyb.
271 2747 296 2794 8.
317 2741 495 2792 ‘intentatum
516 2737 638 2788 Romanis
680 2737 720 2788 tto
732 2737 916 2787 hacScrvius:
934 2737 1209 2788 ‘valedicimnsmon

106 2818 308 2885 upeottsopos:
678 2814 738 2874 tuis,
758 2828 809 2863 noo
834 2813 903 2878 qood
927 2814 1014 2863 solere
1036 2813 1143 2878 possint,
1162 2814 1208 2863 sed

134 2905 167 2952 24
183 2898 289 2949 tronus
304 2893 394 2956 murs]
418 2892 522 2943 Amoris
541 2897 569 2942 et
586 2906 638 2940 ma·
678 2890 740 2955 quia
750 2890 776 2938 id
789 2889 886 2938 dicitur
896 2887 1201 2939 recedentibusauobis!

108 2977 226 3041 pateret
237 2973 338 3034 doctor,
355 2977 385 3021 ut
405 2970 477 3034 ignes
496 2976 522 3018 et
540 2981 640 3018 amores
711 2970 742 3014 25
762 2963 899 3027 litofosttr]
916 2964 1055 3027 Epicurum
1071 2978 1117 3014 seo
1128 2964 1210 3014 heroi-

15 3095 18 3116 ,
107 3053 262 3113 celebrasli;
287 3057 316 3100 ot
336 3062 380 3099 ttt.
401 3052 441 3098 lt.
457 3045 640 3108 ‘Virtutisqne
680 3039 1209 3105 corumpoitarumsoperbiaettumore.

108 3137 169 3192 tue,
178 3127 297 3186 Bacche,
305 3125 382 3190 poeta
392 3122 480 3174 feruor
681 3115 769 3167 inflati
786 3119 853 3166 enim
865 3116 983 3165 dicuutur
994 3123 1022 3164 et
1041 3115 1211 3178 grandiloqui,

138 3207 231 3267 Magos
246 3197 407 3265 poitojocer]
433 3197 471 3247 Ut
483 3210 502 3246 t.
514 3199 553 3246 li.
570 3194 640 3247 ‘Qut
681 3193 726 3257 qui
743 3193 812 3242 bellu
831 3197 859 3240 et
877 3191 956 3240 doces
975 3191 1088 3240 carmine
1106 3189 1210 3241 heroico

108 3297 176 3332 nono
199 3281 274 3344 jacet
301 3276 375 3325 arido
395 3272 496 3338 pulvis!
535 3271 587 3321 Or.
608 3270 640 3320 de
681 3266 921 3331 celebruntpoitn.

109 3363 188 3408 morte
199 3352 312 3405 Tibulli:
338 3348 518 3399 ‘Carminibus
539 3344 641 3395 confide
713 3347 745 3394 tu
765 3343 833 3392 Venit
846 3341 1114 3403 mugnosoenoretordtts
1124 3342 1211 3406 Amor]

108 3433 191 3496 bortis,
196 3432 271 3495 jacet
282 3441 345 3477 eece
355 3422 491 3474 Tibullus!
516 3421 640 3472 Nonnulli
681 3419 812 3468 Dicitura
828 3417 910 3467 doctis
921 3416 1003 3467 Amor
1022 3419 1107 3469 acrius
1124 3434 1211 3479 oreta,

108 3508 291 3572 unornane
300 3503 379 3566 poiio,
388 3502 448 3562 onie,
456 3497 524 3565 qood
533 3499 641 3547 mortuis
682 3508 733 3557 quo
753 3493 851 3542 tardius
870 3493 998 3544 atterius
1018 3495 1105 3556 reuit;
1129 3503 1158 3545 et
1172 3497 1217 3562 itu¹

108 3581 241 3635 inclamari
250 3579 362 3638 solebat,
373 3583 401 3626 et
412 3573 517 3624 inscribi
529 3573 641 3624 tumulis.
683 3569 722 3618 soi
747 3568 873 3617 adventus
898 3567 1049 3619 tarditatem
1069 3571 1211 3621 acerbitate

111 3659 205 3712 comit.
229 3657 256 3706 io
279 3653 378 3704 Fratris
401 3650 516 3710 Inferiis,
541 3661 579 3698 ct.
603 3651 642 3696 to.
684 3659 767 3708 poenae
779 3650 939 3708 compensat,
950 3651 978 3692 ut
991 3645 1028 3694 ait
1043 3644 1157 3695 Pltoedra
1169 3661 1211 3708 ap.

110 3737 218 3800 ‘Atque
227 3735 417 3796 inperpetuum
426 3742 474 3777 ate
484 3731 560 3790 atque
571 3723 643 3774 vale?
684 3723 735 3772 Or.
747 3722 829 3783 Epi.
844 3720 939 3769 ‘Venit
950 3719 1029 3768 Amor
1039 3720 1152 3786 gratius,
1161 3734 1213 3785 qua

111 3813 203 3878 virgil.
212 3823 252 3862 ιι.
261 3807 320 3860 AEn.
335 3806 561 3858 ‘Salveeternom
573 3801 643 3865 milti,
683 3797 782 3850 sorios:
800 3795 895 3848 utimur
906 3793 995 3858 intus,'
1006 3797 1056 3844 dcc.
