2920 4770
10 484 22 732 l

531 405 533 410 Ι
559 341 607 390 nr
632 341 855 391 recessuro.
1211 329 1256 398 57

152 504 225 552 rum
235 487 373 552 cotibus
386 485 581 570 expolitam,
595 487 742 569 quereris
757 486 914 566 obtundi3
930 489 1152 568 reminiscere,
1163 494 1256 574 quod

155 605 248 672 saepe
262 606 398 652 versum
420 585 566 654 Corinna
586 604 663 652 cnm
688 605 752 652 suo
770 585 908 652 Nasone
922 590 1118 673 complevit,
1133 591 1257 658 Iesbia

155 706 233 752 cum
246 685 392 767 Catullo,
407 685 572 753 Cesennia
586 705 665 754 cnm
679 686 849 766 Getulico,
864 686 1059 772 Argentaria
1084 711 1161 758 curn
1186 693 1255 759 Lu·

157 807 253 867 cauo,
269 788 417 874 Cynthia
428 807 506 854 cum
521 787 710 874 Propertio,
725 789 916 856 Deliacum
931 791 1080 860 Tibullo.

425 971 609 1040 Diomedes
623 970 872 1040 Grammaticus
886 989 941 1040 ιιι.
955 974 987 1040 6.

201 1087 303 1184 Quorl
328 1109 433 1172 genus
458 1092 615 1158 carminis
646 1091 826 1176 [Elegiem]
857 1092 1026 1182 prsecipue
1049 1092 1255 1174 scripserunt

157 1189 250 1274 apud
265 1189 442 1256 Romnum
458 1191 664 1275 Propertius,
678 1197 714 1257 et
735 1191 901 1271 Tibullus,
928 1195 962 1258 et
986 1189 1118 1272 Gallus,
1133 1193 1255 1259 imitati

158 1289 300 1357 Graecos
313 1291 556 1360 Callimachum
570 1298 605 1359 et
618 1292 880 1378 Euphorionem.

450 1473 600 1560 Angelus
616 1475 810 1544 Politiauus
826 1476 860 1542 N
862 1479 954 1546 unic.

288 1593 336 1659 Ut
349 1592 431 1660 tersi
445 1603 603 1660 memorat
614 1595 673 1677 pia
687 1592 792 1660 Musa
805 1593 947 1672 Tibulli,

244 1693 347 1760 Musa
362 1695 427 1761 sibi
442 1697 568 1781 primos
583 1715 661 1780 qum
670 1694 747 1780 jure
760 1697 906 1764 Manat
918 1697 1060 1762 bonores
1158 1713 1160 1719 ’

244 1795 433 1880 Inparibus
448 1797 606 1875 numeris,
620 1799 654 1862 ni
669 1795 794 1862 blenda
808 1796 999 1883 Propertius
1013 1818 1072 1864 ora

244 1895 377 1977 Solvet,
389 1905 424 1962 el
437 1899 627 1982 ambiguam
639 1897 746 1963 iaciat
760 1899 935 1966 enemim
949 1899 1107 1984 palmam.

157 2079 313 2146 Bluudus
329 2081 481 2162 Flavius,
501 2083 578 2168 Lib.
597 2100 621 2147 ι.
644 2081 755 2148 lteliss
765 2083 944 2150 illustrate
960 2080 1109 2166 Regium
1122 2089 1252 2166 quarta.

201 2229 503 2315 EregioueTrivii
517 2213 652 2298 amoeno
674 2231 710 2296 in
736 2231 822 2298 colle
843 2231 985 2298 Falcum
1004 2238 1057 2299 est
1079 2232 1253 2318 oppidum,

158 2334 415 2418 haudquaquam
438 2335 562 2401 vetusti
585 2335 738 2415 nominis,
761 2335 822 2401 sed
846 2336 975 2419 populo
1000 2336 1253 2422 frequentatum.

157 2433 213 2500 Ad
228 2435 391 2520 collisque
407 2435 499 2502 illius
519 2435 653 2502 radices
667 2437 703 2506 in
716 2439 772 2504 via
787 2436 868 2504 olim
884 2438 1051 2504 Flaminis
1071 2447 1123 2506 est
1139 2437 1254 2502 Meva-

157 2539 225 2616 nia,
248 2536 290 2602 de
305 2557 375 2620 qua
389 2537 508 2602 Livium
532 2535 567 2601 iu
595 2553 649 2602 rx.
672 2542 683 2571 ‘
700 2538 828 2603 Decius
844 2537 926 2604 (loe.
940 2539 1070 2621 maguis
1084 2539 1254 2604 itineribus

158 2639 203 2706 ad
218 2637 422 2717 Mevaniam,
444 2640 501 2704 ubi
525 2644 596 2704 tum
615 2639 727 2722 copiae
743 2637 943 2704 Umbrorum
957 2646 1066 2716 erant,
1087 2637 1254 2722 perrexit!

159 2741 303 2828 ruitque
327 2739 362 2804 id
387 2739 550 2826 oppidum
574 2739 648 2805 cive
662 2747 817 2805 ornatum
833 2739 1006 2824 Propertio
1021 2738 1173 2818 Aurelio,
1196 2739 1253 2822 qui

157 2841 200 2906 de
214 2861 251 2907 se
265 2844 344 2926 ipso
360 2844 477 2908 scribit
499 2842 541 2908 ad
558 2841 693 2908 Tullum
708 2843 795 2908 libro
810 2841 1023 2921 Monobiblo,
1046 2840 1113 2922 vel,
1128 2847 1165 2906 ut
1180 2839 1253 2905 No·

157 2945 213 3010 nlo
227 2943 390 3010 Marcello
404 2943 532 3029 placet,
551 2944 638 3010 libro
654 2943 863 3028 Elegiarum:

201 3031 366 3127 Proxima
380 3063 577 3147 suppositos
591 3061 788 3142 contingens
804 3057 946 3123 Umbria
960 3076 1101 3141 campos

246 3161 305 3229 hle
321 3163 434 3248 genuit
449 3164 544 3230 terris
559 3162 680 3228 fertilis
697 3161 864 3240 uberibus.

158 3279 319 3364 Idemque
334 3281 368 3345 in
383 3279 571 3362 Elegierum
586 3285 724 3364 quartu:

201 3396 343 3463 Umbria
357 3403 390 3464 te
404 3397 492 3461 notis
507 3396 644 3480 antiqua
659 3395 841 3478 penatibus
856 3393 943 3460 edit:

245 3499 404 3577 Mentior,
425 3517 469 3564 an
483 3498 604 3583 patriae
619 3497 762 3578 tangitur
775 3515 834 3562 ora
849 3502 929 3576 tuae,

180 3645 183 3653 ψ
202 3600 283 3680 Qua
297 3599 462 3666 nebulosa
476 3618 562 3668 curo
575 3603 666 3667 rorat
680 3597 841 3666 Mevania
853 3617 987 3684 campo,

245 3701 288 3767 nt
301 3703 396 3768 lacus
409 3701 537 3769 aestivis
553 3702 679 3784 intepet
691 3697 819 3766 Umber
833 3699 953 3784 squisl

337 3899 360 3968 J
362 3918 487 3966 oannes
498 3897 664 3965 Joviauue
680 3895 866 3975 Pomanus,
879 3893 1039 3960 Amorum
1058 3913 1080 3958 ι.

201 4037 233 4102 0
249 4036 374 4122 utinam
389 4039 425 4100 et
437 4034 540 4100 nonni
552 4033 677 4118 fugiant
688 4033 783 4116 nigra
796 4029 866 4098 lata
878 4027 993 4104 libelli,

242 4139 287 4206 llt
299 4140 345 4205 sit
357 4142 518 4223 perpetuo
530 4153 597 4204 nun
613 4135 686 4202 siue
700 4136 827 4202 bonore
841 4129 962 4212 rogus!
