2920 4770
459 313 532 362 sun
555 313 680 362 susos
704 314 902 364 urcusrnf
1172 304 1219 371 83

115 453 195 521 tiam
228 451 418 519 exhibuit?
454 454 531 522 coll.
556 455 929 539 erementanos.
963 459 1104 526 Trebell.
1131 462 1218 528 Pon
1342 503 1347 516 ·

115 567 219 619 xxx.
242 553 395 638 Tyrum
420 555 473 621 1⁰.
496 565 532 622 et
556 557 748 624 casaubon.
775 557 819 623 ud
835 560 870 624 ll.
885 579 937 626 cc.
980 561 1058 639 Sed,
1081 571 1216 646 prseter-

115 672 216 736 quum
232 657 335 740 quud·
343 659 409 723 iste
432 677 513 724 usus
537 658 653 724 seriori
675 659 806 724 demum
828 679 904 728 oevo
925 663 1109 728 invaluisse
1122 665 1217 731 ride·

115 758 284 832 tentatio
299 767 486 844 temporum
500 761 578 844 ipse
591 763 714 837 obstet,
726 762 777 827 uti
793 781 837 827 ex
852 763 1022 829 antecedd.
1037 769 1141 848 putet

356 987 359 994 ⁴
458 971 492 1028 Α.
505 975 537 1026 U.
548 975 579 1026 c.
596 979 653 1026 ill.
687 973 820 1039 Propertii
831 978 872 1026 lt.

352 1052 391 1104 Μ.
401 1052 540 1119 Viprsuiur
551 1054 678 1122 Agrippe.
712 1056 741 1107 Ι..
752 1055 872 1108 centnm
883 1055 983 1110 orum.

156 1164 241 1230 Hoc
263 1185 351 1232 enno
365 1166 496 1232 ineunte
511 1175 623 1250 togam
645 1167 785 1246 virilem,
807 1188 870 1253 pro
884 1187 977 1234 more
992 1170 1110 1236 soeculi
1124 1171 1215 1238 illius

115 1265 319 1350 Propertius
334 1267 466 1333 sumsit
509 1267 589 1334 Vid.
609 1288 696 1351 quos
709 1268 827 1336 laudet
849 1269 961 1352 Heyo.
983 1271 1016 1336 io
1030 1269 1104 1338 Vit.
1121 1272 1214 1356 Virg.

114 1367 157 1432 eui
171 1366 220 1434 Δ.
231 1367 279 1434 U.
289 1368 368 1434 699.
412 1368 469 1434 Ite
480 1370 571 1434 enim
586 1367 714 1435 Noster
729 1387 781 1436 ιν.
796 1369 849 1434 ΕΙ.
861 1368 894 1437 1.
909 1371 984 1438 131.
998 1389 1073 1456 sqq.
1096 1377 1107 1410 ‘
1116 1372 1215 1452 Μοι.

113 1469 172 1535 ubi
186 1469 286 1534 bulla
298 1470 373 1535 rudi
387 1470 526 1536 dimisse
545 1475 596 1536 est
612 1491 713 1536 eures
726 1471 825 1550 collo,
845 1472 966 1538 Matris
977 1479 1013 1536 et
1026 1480 1104 1539 unte
1118 1474 1219 1540 Deos·

111 1569 222 1636 libere
236 1577 353 1636 sumtu
368 1575 466 1652 loge:
489 1571 578 1636 lum
593 1571 655 1636 tibi
678 1590 791 1655 peuce
809 1591 871 1637 suo
885 1572 929 1637 de
943 1574 1090 1638 carmine
1112 1574 1216 1640 dictet

112 1668 258 1754 Apollo,
281 1675 316 1736 et
334 1676 427 1736 vetet
448 1672 569 1736 insano
594 1671 696 1736 verbe
719 1678 837 1738 tooure
860 1672 951 1738 loro!
1005 1673 1125 1758 Neque
1152 1681 1214 1753 est,

114 1771 206 1858 quod
226 1771 397 1856 particule
412 1770 539 1836 ‘Mox’
562 1772 753 1856 quempiam
762 1779 913 1852 moveat,
928 1775 1028 1857 qussi
1042 1775 1127 1841 inter
1140 1795 1216 1860 per·

114 1867 222 1938 ticein
238 1873 333 1940 illem
348 1874 474 1939 tristem
489 1879 524 1938 et
547 1877 656 1956 togam
680 1893 800 1958 puram
823 1895 888 1944 non
902 1876 1152 1943 intercesserint
1165 1879 1218 1943 in··
1302 1924 1308 1935 ,

115 1976 203 2058 tegri
218 1979 361 2058 quemor
375 1975 472 2040 unni:
494 1978 607 2038 notum
621 1973 707 2040 enim
721 1980 783 2051 est,
811 1977 866 2042 vel
887 1975 1093 2054 Historicos,
1106 1980 1214 2042 uomi-

113 2077 224 2142 nstim
241 2075 391 2152 Florum,
408 2075 576 2140 similibus
590 2076 807 2141 connectendi
818 2076 995 2161 particulis
1009 2082 1077 2143 tem
1091 2077 1214 2144 luteae

113 2197 201 2260 vege
216 2178 277 2242 nti.
321 2177 365 2242 Et
379 2177 576 2262 Propertius
589 2177 672 2242 elibi
691 2177 765 2261 peri
779 2178 906 2244 ratione
922 2176 1006 2244 benc
1021 2197 1136 2243 vocem
1151 2197 1217 2262 po··

113 2278 165 2344 uit
178 2295 232 2344 ιν.
250 2281 311 2344 ult
325 2279 381 2346 83.
401 2284 434 2344 et
444 2279 564 2343 null.
577 2278 632 2344 29.
654 2283 665 2313 ‘
679 2277 798 2343 modo’
819 2279 973 2345 similiter
986 2279 1067 2345 setis
1080 2279 1214 2363 longum

115 2382 267 2464 spetiem
283 2381 447 2464 designet,
466 2381 515 2446 uti
531 2400 550 2446 e
564 2387 678 2448 nostm
692 2379 907 2448 annotatione
920 2385 1013 2463 petet
1028 2381 1072 2444 ed
1087 2399 1138 2444 vs.
1157 2383 1212 2446 50.

114 2481 193 2564 eius
218 2480 358 2564 Elegiae.
416 2481 564 2548 Assumo
586 2501 666 2548 vero
689 2481 779 2546 lrunc
801 2481 954 2567 inprimis
977 2499 1110 2558 annum,
1134 2483 1216 2564 quie

115 2580 230 2657 Polite
245 2601 323 2648 cum
335 2601 378 2647 eo
394 2583 506 2648 stetim
520 2579 686 2665 conjungit
699 2581 844 2648 studium
857 2582 1015 2647 cuminis
1025 2583 1190 2647 scribendi
1203 2605 1213 2662 ;

115 2683 150 2748 iu
175 2681 269 2766 quod
295 2683 416 2748 Remre
439 2683 585 2748 maxime
606 2683 809 2762 incubuisse,
838 2682 992 2769 adeoque
1016 2685 1106 2749 circu
1123 2683 1213 2749 idem

114 2791 251 2868 tempus
260 2803 301 2850 eo
314 2802 354 2849 se
369 2784 555 2850 contulisse
577 2783 763 2848 censendus
776 2789 839 2862 est,
852 2785 943 2849 sicut
956 2793 975 2848 e
989 2787 1089 2850 versu
1104 2785 1214 2850 brevi-

115 2903 174 2948 ore
184 2883 337 2967 colliges,
346 2884 404 2968 qni
416 2888 561 2968 spretum
566 2883 651 2967 juris
660 2883 1000 2949 scientiumeNostro
1008 2883 1213 2962 subindicat,

114 2984 246 3070 forique
275 2987 438 3050 meminit.
481 2985 546 3050 Cui
563 2985 728 3070 Propertii
751 2988 836 3050 aetss
857 2984 1002 3050 nondum
1026 2991 1108 3070 epte
1129 2985 1213 3050 sutis

114 3087 296 3172 pungendo
310 3087 450 3155 cumini
459 3087 604 3166 ridetur,
613 3087 646 3154 is
658 3086 761 3156 velim
770 3087 905 3168 cogitet,
917 3083 1213 3169 Ovidiumquoque

116 3187 299 3252 admodum
308 3187 465 3270 juvenem
475 3189 623 3253 carmine
635 3205 698 3252 sue
708 3187 868 3252 recitasse
876 3185 1020 3271 publice,
1034 3185 1126 3250 sicut
1140 3187 1214 3270 ipse

117 3291 207 3355 cunit
237 3307 284 3356 rr.
319 3289 378 3355 Tr.
401 3291 460 3356 10.
476 3291 530 3355 55.
551 3309 626 3376 sqq.
656 3286 796 3373 ‘thue
824 3306 886 3372 ego
914 3286 1066 3372 majores,
1089 3287 1139 3352 sic
1161 3307 1213 3376 me

117 3379 427 3458 coluere'minores:
449 3389 484 3458 N
486 3395 609 3474 otuque
623 3409 690 3456 uon
705 3388 799 3456 tunde
820 3389 914 3454 luctu
926 3388 1049 3455 Thelia
1062 3407 1139 3455 mee
1151 3394 1213 3454 eet

118 3489 276 3557 carmine
290 3511 369 3558 cnm
382 3492 527 3577 prim
545 3490 674 3577 populo
684 3490 850 3576 juvenilia
861 3490 940 3574 legi,
957 3492 1070 3584 Burbu
1083 3496 1214 3556 resecto

116 3592 198 3657 mihi
210 3593 308 3658 bisve
317 3592 463 3660 semelve
474 3591 548 3658 luit.

465 3809 499 3861 A.
510 3808 545 3860 U.
555 3809 651 3861 Call.
681 3807 813 3874 Propertii
823 3812 865 3859 2⁰.

331 3889 422 3940 cieret
431 3887 634 3940 0cterieucrn.
665 3887 997 3954 Vulcatiurstnlb'rellnr.
1216 3959 1219 3969 Ι

160 4003 261 4070 circe
274 4001 340 4069 hoc
355 4007 486 4088 tempus
509 4002 660 4087 Lycinna
678 4001 834 4085 quaedem
850 3999 1058 4082 Propertium
1072 3997 1215 4064 Veneris

118 4107 223 4169 sectis
237 4105 356 4183 initiet,
369 4107 545 4184 itutnmen,
555 4111 594 4169 ut
606 4106 751 4189 ipsenon
763 4111 830 4170 tam
840 4110 941 4181 emet,
951 4121 1052 4185 quam
1068 4107 1211 4166 ametur:

185 4219 276 4285 neus.
287 4225 310 4271 ei
326 4221 384 4272 Ver.
396 4222 460 4272 clar.
622 4223 735 4285 Properl.
1128 4217 1150 4265 C
