2920 4770
543 345 592 393 nn
617 345 840 396 ruorsurro.
1195 333 1239 402 ns

145 492 400 552 antevertentes.
444 485 536 553 Editi
556 495 634 554 sunt
655 509 731 555 oum
754 490 890 555 'libullo
914 497 950 556 et
970 490 1116 570 onrado,
1138 489 1175 559 n't
1196 495 1240 561 od

144 595 326 673 utrumque
340 589 457 654 horam
479 590 857 657 monuimus—Novum
870 610 951 657 vero
967 594 1126 658 eximiam
1139 595 1240 680 hujus

145 688 254 774 pnite
280 690 459 756 editionem
483 690 593 756 moliri
614 692 649 756 in
669 691 785 775 Belgio
806 691 939 770 dicitnr,
954 693 1013 777 qui
1027 713 1140 760 omnes
1165 697 1239 784 eins

146 789 294 858 Veneres
306 792 449 872 imbibit,
464 791 735 878 elegantissimus
745 790 769 857 J
770 811 856 858 anns
869 793 1112 861 Broukhnsiur.

292 962 520 1030 'Burmannus
534 962 609 1028 Sec.
624 965 659 1029 in
672 963 809 1030 Praeiat
824 963 867 1029 ad
884 961 1083 1032 lotiohinm.

188 1095 313 1180 Neque
328 1102 441 1162 tamen
452 1097 562 1161 solum
577 1095 789 1181 Propertium
800 1096 926 1162 faciunt
937 1105 997 1164 aut
1005 1101 1242 1169 commendant

146 1197 361 1282 polysyllabe
373 1198 409 1262 in
423 1196 489 1262 tine
501 1215 618 1262 versus
637 1197 834 1281 pentametri
854 1199 982 1282 sepius
1003 1199 1243 1287 adhibitaque

147 1298 378 1364 certaratione
391 1298 472 1364 nihil
487 1299 709 1383 Propertiana
719 1300 904 1366 imitatione
917 1301 1049 1366 facilins
1058 1309 1167 1384 esset;
1182 1304 1243 1369 sod

148 1401 349 1488 stupendam
375 1407 411 1468 et
432 1401 493 1467 rix
505 1402 564 1466 uni
587 1407 648 1467 aut
663 1401 761 1466 alteri
775 1401 997 1468 aemulandam
1010 1403 1116 1470 divini
1130 1405 1243 1490 politae

148 1507 252 1569 artem
276 1502 416 1569 exhibet
439 1508 533 1568 totns
553 1501 640 1585 ejus,
654 1501 752 1586 isque
771 1501 1054 1587 incomparabilis,
1078 1507 1243 1572 scabendi

149 1603 333 1682 character,
357 1602 548 1696 eruditionis
573 1600 719 1686 politicae
744 1607 779 1668 et
799 1603 1036 1688 mythologice
1060 1615 1243 1690 apparatus

149 1723 212 1770 non
228 1703 388 1788 vulgaris,
403 1705 542 1789 spiritus
555 1722 636 1770 vera
659 1702 861 1771 sublimitate
883 1724 1072 1790 assurgens,
1086 1705 1245 1794 majestas

151 1813 303 1890 angusta,
330 1812 366 1872 et
393 1806 515 1872 decora
542 1804 702 1889 gravitas
727 1814 763 1871 ot
788 1807 966 1890 singularis
991 1807 1175 1874 carminum
1202 1829 1244 1877 ac

151 1907 323 1992 praecipue
336 1925 544 1974 numerorum
559 1905 769 1992 politicorum
783 1899 971 1988 contextus,
984 1913 1076 1974 totus
1090 1909 1135 1975 ad
1149 1909 1246 1977 Gras-

153 2027 266 2076 oornm
276 2009 495 2075 imitationem
504 2009 665 2075 formatus
676 2028 717 2075 ac
726 2011 949 2094 compositns3
963 2010 1004 2076 de
1018 2030 1087 2094 qno
1095 2011 1246 2096 judicare

152 2112 258 2194 magis
272 2109 413 2176 libemm
428 2119 528 2190 esset,
544 2112 575 2177 si
587 2111 642 2177 uel
662 2110 861 2178 Callimachi
874 2117 907 2177 et
921 2111 1061 2178 Philetae
1082 2110 1147 2177 Coi
1161 2113 1246 2179 inte·

152 2230 218 2294 gree
241 2217 452 2296 superessent
464 2212 590 2296 elegiae,
614 2213 667 2278 rel
690 2212 831 2277 aliorum
844 2210 1020 2296 poetarum
1039 2211 1245 2290 Graecorum,

152 2311 251 2378 hodie
277 2313 532 2398 deperditornm,
555 2315 598 2378 ad
626 2315 857 2398 posteritatem
875 2314 1107 2399 pervenissent
1134 2333 1246 2399 opera,

154 2432 294 2498 qnorum
306 2417 490 2498 fragmenta
504 2415 594 2501 apud
610 2415 818 2494 Athenaeum,
829 2415 1077 2482 Grammaticos
1091 2415 1246 2494 Graecos,

154 2522 188 2578 et
201 2514 410 2582 Scholiastas
434 2517 590 2600 antiquos
612 2535 732 2601 sparsa
751 2523 929 2600 vagantum
952 2536 1028 2601 qnae
1042 2519 1070 2582 si
1084 2518 1171 2601 quis,
1187 2517 1247 2582 sed

154 2635 200 2682 ex
213 2619 408 2702 quotidiana
420 2619 565 2684 lectione
580 2618 791 2702 Propertium
800 2619 868 2684 fere
879 2619 913 2682 in
924 2623 1095 2683 numerato
1108 2617 1247 2702 hahens,

156 2739 231 2786 curn
247 2739 330 2788 cura
344 2727 551 2804 compararet
574 2727 674 2806 atque
698 2726 900 2805 excerperet,
913 2726 949 2785 ut
962 2727 996 2784 et
1008 2719 1114 2784 multa
1128 2720 1162 2783 in
1177 2717 1247 2785 Au-

156 2821 304 2905 tholugia
322 2821 446 2888 Graeoa
461 2821 679 2888 'vetustiorum
700 2822 874 2907 potorum
897 2815 1156 2906 Epigrammata,
1171 2841 1247 2906 quae

156 2922 245 2988 haud
258 2942 335 2988 raro
348 2923 498 2989 imitatos
518 2923 592 3002 tuit,
615 2942 680 2988 non
698 2929 830 2989 tautum
848 2923 998 3007 plurimis
1013 2920 1125 3007 poeta
1140 2922 1249 2986 erudi·

156 3024 277 3090 tissimi
291 3025 388 3103 locis,
400 3024 545 3090 nondum
570 3026 654 3092 satis
675 3025 856 3108 expeditis,
883 3025 1047 3107 egregiam
1068 3021 1250 3087 affunderet

157 3125 276 3204 luceru,
296 3126 356 3192 sed
378 3132 411 3192 et
433 3126 659 3194 admirandum
675 3126 749 3210 ejus
763 3124 938 3190 artificium
951 3123 1129 3189 dilucidius
1154 3121 1249 3186 illus-

156 3233 267 3306 traret,
281 3235 318 3293 et
328 3247 426 3313 quarn
440 3247 559 3311 presso
570 3229 659 3313 pede
668 3227 866 3294 Graecorum
878 3225 1019 3310 vestigia
1032 3226 1146 3308 legens
1159 3223 1252 3304 orgia

158 3326 249 3394 Itala
261 3348 345 3413 puro
359 3329 401 3394 de
419 3330 511 3396 fonte
533 3349 595 3414 per
609 3329 733 3396 Graios
755 3329 876 3394 choros
898 3327 982 3392 terre
1004 3328 1130 3411 primns
1145 3345 1164 3390 e
1178 3323 1250 3389 Ro·

158 3433 267 3496 manis
295 3431 462 3514 ingmarus
486 3431 595 3508 fuerit,
622 3430 768 3514 apertius
798 3428 1044 3494 demonstraret
1103 3427 1172 3492 Sed
1196 3426 1252 3491 hic

161 3532 295 3616 quidem
317 3552 385 3598 non
408 3534 556 3597 omnium
578 3533 675 3598 labor
696 3537 759 3611 est,
773 3531 796 3598 J
798 3531 906 3596 acobo
920 3529 1009 3596 Phil.
1024 3529 1203 3606 Dorvillio,
1218 3529 1253 3592 in

159 3633 223 3700 hac
237 3634 397 3718 palaestra
411 3636 580 3719 qnondam
602 3635 894 3712 exercitatissimo,
913 3633 944 3698 si
966 3633 1104 3710 viveret,
1124 3631 1252 3712 dignus,

161 3740 218 3800 unt
231 3737 412 3820 superstite
426 3736 533 3804 adhuc
546 3738 618 3804 viro
629 3737 663 3802 iu
677 3737 731 3802 his
741 3737 844 3803 literis
858 3733 1131 3801 summoTiherio
1147 3729 1254 3794 Hem-

160 3835 335 3916 sterhusiu,
348 3839 378 3902 si
390 3839 464 3904 orbi
478 3839 606 3904 erudito
630 3843 668 3904 et
689 3836 800 3904 Musae
814 3835 1045 3921 Propertienoe
1071 3831 1255 3897 cultoribus

160 3935 273 4020 largiri
298 3939 397 4004 vellet
423 3959 475 4018 ea,
499 3939 623 4024 quibus
647 3941 779 4023 privato
803 3936 916 4003 studio
941 3932 1156 4015 Propertium
1179 3949 1268 3996 cnm.

161 4039 213 4106 his
227 4039 421 4107 Graecorum
434 4041 609 4126 petitarum
632 4041 757 4125 ubique
771 4037 864 4122 apud
877 4035 1018 4105 Veteres
1032 4033 1193 4117 dispersis
1206 4051 1255 4098 re·

161 4141 275 4227 liquiis
289 4143 470 4228 aliqnando
485 4163 699 4230 comparasse
713 4141 797 4210 mihi
810 4144 998 4208 meantem
1013 4136 1159 4205 memini.
