<?xml version="1.0" encoding="UTF-8"?>
<!DOCTYPE html PUBLIC "-//W3C//DTD XHTML 1.0 Transitional//EN"
    "http://www.w3.org/TR/xhtml1/DTD/xhtml1-transitional.dtd">
<html xmlns="http://www.w3.org/1999/xhtml" xml:lang="en" lang="en">
 <head>
  <title>
</title>
<meta http-equiv="Content-Type" content="text/html;charset=utf-8" />
  <meta name='ocr-system' content='tesseract 3.04.00' />
  <meta name='ocr-capabilities' content='ocr_page ocr_carea ocr_par ocr_line ocrx_word'/>
</head>
<body>
  <div class='ocr_page' id='page_1' title='image "./operaomniaexedi01propgoog_0224.png"; bbox 0 0 2888 4768; ppageno 0'>
   <div class='ocr_carea' id='block_1_1' title="bbox 525 313 846 380">
    <p class='ocr_par' dir='ltr' id='par_1_1' title="bbox 525 313 846 380">
     <span class='ocr_line' id='line_1_1' title="bbox 525 313 846 380; baseline 0.012 -6"><span class='ocrx_word' id='word_1_1' title='bbox 525 327 597 378; x_wconf 79' lang='lat' dir='ltr'><strong>nra.</strong></span> <span class='ocrx_word' id='word_1_2' title='bbox 621 328 661 377; x_wconf 89' lang='lat'><strong>11.</strong></span> <span class='ocrx_word' id='word_1_3' title='bbox 685 327 793 380; x_wconf 81' lang='lat' dir='ltr'><strong>anno.</strong></span> <span class='ocrx_word' id='word_1_4' title='bbox 816 313 846 378; x_wconf 89' lang='lat'><strong>1.</strong></span> 
     </span>
    </p>
   </div>
   <div class='ocr_carea' id='block_1_2' title="bbox 134 469 921 762">
    <p class='ocr_par' dir='ltr' id='par_1_2' title="bbox 134 469 921 762">
     <span class='ocr_line' id='line_1_2' title="bbox 135 469 896 556; baseline 0.004 -20"><span class='ocrx_word' id='word_1_5' title='bbox 135 470 238 536; x_wconf 83' lang='lat' dir='ltr'><strong>Delia</strong></span> <span class='ocrx_word' id='word_1_6' title='bbox 253 469 411 554; x_wconf 79' lang='lat' dir='ltr'><strong>virgineis</strong></span> <span class='ocrx_word' id='word_1_7' title='bbox 425 469 514 536; x_wconf 89' lang='lat' dir='ltr'><strong>idem</strong></span> <span class='ocrx_word' id='word_1_8' title='bbox 528 469 585 536; x_wconf 91' lang='lat' dir='ltr'><strong>illo</strong></span> <span class='ocrx_word' id='word_1_9' title='bbox 598 473 777 556; x_wconf 77' lang='lat' dir='ltr'><strong>repleverit</strong></span> <span class='ocrx_word' id='word_1_10' title='bbox 790 471 896 553; x_wconf 81' lang='lat' dir='ltr'><strong>urnis,</strong></span> 
     </span>
     <span class='ocr_line' id='line_1_3' title="bbox 176 571 921 660; baseline 0.003 -22"><span class='ocrx_word' id='word_1_11' title='bbox 176 572 233 638; x_wconf 90' lang='lat' dir='ltr'><strong>Ne</strong></span> <span class='ocrx_word' id='word_1_12' title='bbox 247 578 365 638; x_wconf 82' lang='lat' dir='ltr'><strong>tenera</strong></span> <span class='ocrx_word' id='word_1_13' title='bbox 379 571 520 638; x_wconf 82' lang='lat' dir='ltr'><strong>assidua</strong></span> <span class='ocrx_word' id='word_1_14' title='bbox 535 573 622 638; x_wconf 84' lang='lat' dir='ltr'><strong>eolla</strong></span> <span class='ocrx_word' id='word_1_15' title='bbox 636 581 808 658; x_wconf 79' lang='lat' dir='ltr'><strong>graventur</strong></span> <span class='ocrx_word' id='word_1_16' title='bbox 822 595 921 660; x_wconf 83' lang='lat' dir='ltr'><strong>equo.</strong></span> 
     </span>
     <span class='ocr_line' id='line_1_4' title="bbox 134 673 901 762; baseline 0.005 -24"><span class='ocrx_word' id='word_1_17' title='bbox 134 673 230 740; x_wconf 85' lang='lat' dir='ltr'><strong>Idem</strong></span> <span class='ocrx_word' id='word_1_18' title='bbox 245 673 416 740; x_wconf 81' lang='lat' dir='ltr'><strong>Caucasia</strong></span> <span class='ocrx_word' id='word_1_19' title='bbox 430 675 542 741; x_wconf 87' lang='lat' dir='ltr'><strong>solvet</strong></span> <span class='ocrx_word' id='word_1_20' title='bbox 556 676 599 741; x_wconf 91' lang='lat' dir='ltr'><strong>de</strong></span> <span class='ocrx_word' id='word_1_21' title='bbox 613 695 697 762; x_wconf 87' lang='lat' dir='ltr'><strong>rupe</strong></span> <span class='ocrx_word' id='word_1_22' title='bbox 712 678 901 744; x_wconf 84' lang='lat' dir='ltr'><strong>Promethei</strong></span> 
     </span>
    </p>
   </div>
   <div class='ocr_carea' id='block_1_3' title="bbox 134 775 1231 1270">
    <p class='ocr_par' dir='ltr' id='par_1_3' title="bbox 134 775 1231 965">
     <span class='ocr_line' id='line_1_5' title="bbox 176 775 1231 862; baseline 0.006 -22"><span class='ocrx_word' id='word_1_23' title='bbox 176 775 335 854; x_wconf 79' lang='lat' dir='ltr'><strong>Brachia,</strong></span> <span class='ocrx_word' id='word_1_24' title='bbox 357 777 552 843; x_wconf 84' lang='lat' dir='ltr'><strong>etnmedio</strong></span> <span class='ocrx_word' id='word_1_25' title='bbox 567 786 705 861; x_wconf 84' lang='lat' dir='ltr'><strong>pectore</strong></span> <span class='ocrx_word' id='word_1_26' title='bbox 720 778 825 862; x_wconf 87' lang='lat' dir='ltr'><strong>pellet</strong></span> <span class='ocrx_word' id='word_1_27' title='bbox 838 797 945 845; x_wconf 81' lang='lat' dir='ltr'><strong>avem.</strong></span> <span class='ocrx_word' id='word_1_28' title='bbox 1188 782 1231 847; x_wconf 88' lang='grc'><strong>70</strong></span> 
     </span>
     <span class='ocr_line' id='line_1_6' title="bbox 134 876 1041 965; baseline 0.006 -23"><span class='ocrx_word' id='word_1_29' title='bbox 134 876 425 961; x_wconf 78' lang='lat' dir='ltr'><strong>Quandocumque</strong></span> <span class='ocrx_word' id='word_1_30' title='bbox 438 879 540 960; x_wconf 85' lang='lat' dir='ltr'><strong>igitur</strong></span> <span class='ocrx_word' id='word_1_31' title='bbox 553 881 661 944; x_wconf 83' lang='lat' dir='ltr'><strong>vitam</strong></span> <span class='ocrx_word' id='word_1_32' title='bbox 674 900 748 944; x_wconf 91' lang='lat' dir='ltr'><strong>mea</strong></span> <span class='ocrx_word' id='word_1_33' title='bbox 763 881 836 946; x_wconf 84' lang='lat' dir='ltr'><strong>fate</strong></span> <span class='ocrx_word' id='word_1_34' title='bbox 849 889 1041 965; x_wconf 83' lang='lat' dir='ltr'><strong>reposcent,</strong></span> 
     </span>
    </p>

    <p class='ocr_par' dir='ltr' id='par_1_4' title="bbox 134 980 935 1169">
     <span class='ocr_line' id='line_1_7' title="bbox 176 980 924 1065; baseline 0.004 -20"><span class='ocrx_word' id='word_1_35' title='bbox 176 980 222 1045; x_wconf 93' lang='lat' dir='ltr'><strong>Et</strong></span> <span class='ocrx_word' id='word_1_36' title='bbox 235 982 336 1046; x_wconf 84' lang='lat' dir='ltr'><strong>breve</strong></span> <span class='ocrx_word' id='word_1_37' title='bbox 350 980 386 1044; x_wconf 87' lang='lat' dir='ltr'><strong>in</strong></span> <span class='ocrx_word' id='word_1_38' title='bbox 401 982 525 1065; x_wconf 80' lang='lat' dir='ltr'><strong>exiguo</strong></span> <span class='ocrx_word' id='word_1_39' title='bbox 539 1001 701 1048; x_wconf 87' lang='lat' dir='ltr'><strong>marmore</strong></span> <span class='ocrx_word' id='word_1_40' title='bbox 715 1003 835 1048; x_wconf 88' lang='lat' dir='ltr'><strong>nomeu</strong></span> <span class='ocrx_word' id='word_1_41' title='bbox 849 1003 924 1065; x_wconf 77' lang='lat'><strong>⁰103</strong></span> 
     </span>
     <span class='ocr_line' id='line_1_8' title="bbox 134 1081 935 1169; baseline 0.01 -24"><span class='ocrx_word' id='word_1_42' title='bbox 134 1081 324 1161; x_wconf 73' lang='lat' dir='ltr'><strong>Maecenas,</strong></span> <span class='ocrx_word' id='word_1_43' title='bbox 346 1089 472 1149; x_wconf 81' lang='lat' dir='ltr'><strong>nostroe</strong></span> <span class='ocrx_word' id='word_1_44' title='bbox 488 1103 569 1167; x_wconf 85' lang='lat' dir='ltr'><strong>spes</strong></span> <span class='ocrx_word' id='word_1_45' title='bbox 583 1085 751 1150; x_wconf 79' lang='lat' dir='ltr'><strong>invidiose</strong></span> <span class='ocrx_word' id='word_1_46' title='bbox 769 1085 935 1169; x_wconf 83' lang='lat' dir='ltr'><strong>juventae,</strong></span> 
     </span>
    </p>

    <p class='ocr_par' dir='ltr' id='par_1_5' title="bbox 174 1183 831 1270">
     <span class='ocr_line' id='line_1_9' title="bbox 174 1183 831 1270; baseline 0.008 -22"><span class='ocrx_word' id='word_1_47' title='bbox 174 1183 220 1250; x_wconf 87' lang='lat' dir='ltr'><strong>Et</strong></span> <span class='ocrx_word' id='word_1_48' title='bbox 233 1186 314 1251; x_wconf 82' lang='lat' dir='ltr'><strong>vitre</strong></span> <span class='ocrx_word' id='word_1_49' title='bbox 330 1190 364 1250; x_wconf 88' lang='lat' dir='ltr'><strong>ot</strong></span> <span class='ocrx_word' id='word_1_50' title='bbox 376 1185 476 1249; x_wconf 86' lang='lat' dir='ltr'><strong>morti</strong></span> <span class='ocrx_word' id='word_1_51' title='bbox 490 1185 600 1269; x_wconf 84' lang='lat' dir='ltr'><strong>gloria</strong></span> <span class='ocrx_word' id='word_1_52' title='bbox 617 1185 713 1269; x_wconf 83' lang='lat' dir='ltr'><strong>juste</strong></span> <span class='ocrx_word' id='word_1_53' title='bbox 726 1206 831 1270; x_wconf 80' lang='lat' dir='ltr'><strong>meae3</strong></span> 
     </span>
    </p>
   </div>
   <div class='ocr_carea' id='block_1_4' title="bbox 128 1383 1232 1708">
    <p class='ocr_par' dir='ltr' id='par_1_6' title="bbox 128 1383 1232 1708">
     <span class='ocr_line' id='line_1_10' title="bbox 128 1383 1229 1451; baseline 0 -15"><span class='ocrx_word' id='word_1_54' title='bbox 128 1385 194 1450; x_wconf 79' lang='lat' dir='ltr'><strong>plere</strong></span> <span class='ocrx_word' id='word_1_55' title='bbox 202 1383 291 1435; x_wconf 66' lang='grc' dir='ltr'><strong>ὼᾶιιιι</strong></span> <span class='ocrx_word' id='word_1_56' title='bbox 301 1385 369 1434; x_wconf 74' lang='lat' dir='ltr'><strong>ereio</strong></span> <span class='ocrx_word' id='word_1_57' title='bbox 383 1385 535 1451; x_wconf 69' lang='lat' dir='ltr'><strong>paedoribus,</strong></span> <span class='ocrx_word' id='word_1_58' title='bbox 550 1401 580 1437; x_wconf 78' lang='lat' dir='ltr'><strong>ne</strong></span> <span class='ocrx_word' id='word_1_59' title='bbox 591 1389 670 1438; x_wconf 79' lang='lat' dir='ltr'><strong>molior</strong></span> <span class='ocrx_word' id='word_1_60' title='bbox 680 1385 830 1438; x_wconf 81' lang='lat' dir='ltr'><strong>Danaidum</strong></span> <span class='ocrx_word' id='word_1_61' title='bbox 846 1387 947 1437; x_wconf 64' lang='lat' dir='ltr'><strong>umbre</strong></span> <span class='ocrx_word' id='word_1_62' title='bbox 957 1399 1018 1450; x_wconf 75' lang='lat' dir='ltr'><strong>upon</strong></span> <span class='ocrx_word' id='word_1_63' title='bbox 1028 1385 1139 1437; x_wconf 68' lang='lat' dir='ltr'><strong>contium</strong></span> <span class='ocrx_word' id='word_1_64' title='bbox 1148 1386 1229 1450; x_wconf 78' lang='lat' dir='ltr'><strong>oppri-</strong></span> 
     </span>
     <span class='ocr_line' id='line_1_11' title="bbox 130 1449 1228 1516; baseline 0 -16"><span class='ocrx_word' id='word_1_65' title='bbox 130 1454 236 1500; x_wconf 71' lang='lat' dir='ltr'><strong>matur.</strong></span> <span class='ocrx_word' id='word_1_66' title='bbox 268 1449 404 1512; x_wconf 77' lang='lat' dir='ltr'><strong>Idenipre</strong></span> <span class='ocrx_word' id='word_1_67' title='bbox 420 1450 521 1501; x_wconf 80' lang='lat' dir='ltr'><strong>liberm</strong></span> <span class='ocrx_word' id='word_1_68' title='bbox 538 1453 627 1516; x_wconf 81' lang='lat' dir='ltr'><strong>poterit</strong></span> <span class='ocrx_word' id='word_1_69' title='bbox 648 1453 784 1502; x_wconf 72' lang='lat' dir='ltr'><strong>Prombei</strong></span> <span class='ocrx_word' id='word_1_70' title='bbox 802 1451 935 1500; x_wconf 72' lang='lat' dir='ltr'><strong>nembrot</strong></span> <span class='ocrx_word' id='word_1_71' title='bbox 952 1452 1147 1513; x_wconf 65' lang='lat' dir='ltr'><strong>concremato,</strong></span> <span class='ocrx_word' id='word_1_72' title='bbox 1164 1453 1228 1500; x_wconf 80' lang='lat' dir='ltr'><strong>etot</strong></span> 
     </span>
     <span class='ocr_line' id='line_1_12' title="bbox 131 1513 1232 1591; baseline 0.002 -29"><span class='ocrx_word' id='word_1_73' title='bbox 131 1515 186 1578; x_wconf 85' lang='lat' dir='ltr'><strong>ejuo</strong></span> <span class='ocrx_word' id='word_1_74' title='bbox 201 1513 339 1578; x_wconf 70' lang='lat' dir='ltr'><strong>precordiis</strong></span> <span class='ocrx_word' id='word_1_75' title='bbox 358 1519 382 1563; x_wconf 83' lang='lat' dir='ltr'><strong>et</strong></span> <span class='ocrx_word' id='word_1_76' title='bbox 400 1515 528 1564; x_wconf 72' lang='grc' dir='ltr'><strong>ιίιιιιίὸιιι</strong></span> <span class='ocrx_word' id='word_1_77' title='bbox 544 1517 646 1591; x_wconf 73' lang='lat' dir='ltr'><strong>oqrciloor</strong></span> <span class='ocrx_word' id='word_1_78' title='bbox 664 1515 769 1577; x_wconf 72' lang='lat' dir='ltr'><strong>frigebit.</strong></span> <span class='ocrx_word' id='word_1_79' title='bbox 811 1516 960 1578; x_wconf 74' lang='lat' dir='ltr'><strong>Quocunque</strong></span> <span class='ocrx_word' id='word_1_80' title='bbox 977 1529 1033 1574; x_wconf 60' lang='lat' dir='ltr'><strong>ergo</strong></span> <span class='ocrx_word' id='word_1_81' title='bbox 1051 1520 1153 1578; x_wconf 77' lang='lat' dir='ltr'><strong>tmpore</strong></span> <span class='ocrx_word' id='word_1_82' title='bbox 1171 1513 1232 1573; x_wconf 79' lang='lat' dir='ltr'><strong>soto</strong></span> 
     </span>
     <span class='ocr_line' id='line_1_13' title="bbox 129 1578 1231 1644; baseline -0.001 -17"><span class='ocrx_word' id='word_1_83' title='bbox 129 1592 214 1628; x_wconf 85' lang='lat' dir='ltr'><strong>meam</strong></span> <span class='ocrx_word' id='word_1_84' title='bbox 225 1593 241 1628; x_wconf 81' lang='lat' dir='ltr'><strong>a</strong></span> <span class='ocrx_word' id='word_1_85' title='bbox 253 1591 294 1626; x_wconf 86' lang='lat' dir='ltr'><strong>me</strong></span> <span class='ocrx_word' id='word_1_86' title='bbox 304 1579 378 1627; x_wconf 82' lang='lat' dir='ltr'><strong>citum</strong></span> <span class='ocrx_word' id='word_1_87' title='bbox 388 1583 502 1642; x_wconf 81' lang='lat' dir='ltr'><strong>repetent,</strong></span> <span class='ocrx_word' id='word_1_88' title='bbox 517 1593 546 1628; x_wconf 89' lang='lat' dir='ltr'><strong>oc</strong></span> <span class='ocrx_word' id='word_1_89' title='bbox 559 1594 585 1628; x_wconf 80' lang='grc' dir='ltr'><strong>ιιι</strong></span> <span class='ocrx_word' id='word_1_90' title='bbox 602 1595 676 1644; x_wconf 80' lang='lat' dir='ltr'><strong>porco</strong></span> <span class='ocrx_word' id='word_1_91' title='bbox 692 1581 782 1628; x_wconf 81' lang='lat' dir='ltr'><strong>terralo</strong></span> <span class='ocrx_word' id='word_1_92' title='bbox 798 1579 900 1641; x_wconf 68' lang='lat' dir='ltr'><strong>erim</strong></span> <span class='ocrx_word' id='word_1_93' title='bbox 909 1594 948 1628; x_wconf 80' lang='lat' dir='ltr'><strong>ero</strong></span> <span class='ocrx_word' id='word_1_94' title='bbox 956 1578 1057 1638; x_wconf 69' lang='lat' dir='ltr'><strong>titulae:</strong></span> <span class='ocrx_word' id='word_1_95' title='bbox 1073 1579 1231 1640; x_wconf 74' lang='lat' dir='ltr'><strong>cllocem,</strong></span> 
     </span>
     <span class='ocr_line' id='line_1_14' title="bbox 130 1641 1230 1708; baseline 0.001 -16"><span class='ocrx_word' id='word_1_96' title='bbox 130 1641 327 1703; x_wconf 68' lang='lat' dir='ltr'><strong>minutalia</strong></span> <span class='ocrx_word' id='word_1_97' title='bbox 336 1657 390 1707; x_wconf 80' lang='lat' dir='ltr'><strong>oper</strong></span> <span class='ocrx_word' id='word_1_98' title='bbox 399 1643 498 1708; x_wconf 71' lang='grc' dir='ltr'><strong>επίιιὶι,</strong></span> <span class='ocrx_word' id='word_1_99' title='bbox 511 1647 535 1694; x_wconf 85' lang='lat' dir='ltr'><strong>et</strong></span> <span class='ocrx_word' id='word_1_100' title='bbox 544 1645 614 1693; x_wconf 62' lang='lat' dir='ltr'><strong>&amp;car</strong></span> <span class='ocrx_word' id='word_1_101' title='bbox 623 1645 706 1706; x_wconf 68' lang='grc' dir='ltr'><strong>ἰιιςιιιι</strong></span> <span class='ocrx_word' id='word_1_102' title='bbox 717 1643 777 1708; x_wconf 65' lang='lat' dir='ltr'><strong>oniba·</strong></span> <span class='ocrx_word' id='word_1_103' title='bbox 792 1642 845 1692; x_wconf 81' lang='lat' dir='ltr'><strong>otoo</strong></span> <span class='ocrx_word' id='word_1_104' title='bbox 857 1646 881 1692; x_wconf 85' lang='lat' dir='ltr'><strong>rt</strong></span> <span class='ocrx_word' id='word_1_105' title='bbox 891 1647 991 1708; x_wconf 74' lang='lat' dir='ltr'><strong>mortuo,</strong></span> <span class='ocrx_word' id='word_1_106' title='bbox 1006 1641 1123 1704; x_wconf 78' lang='lat' dir='ltr'><strong>etsorroo</strong></span> <span class='ocrx_word' id='word_1_107' title='bbox 1141 1643 1188 1693; x_wconf 82' lang='lat' dir='ltr'><strong>iter</strong></span> <span class='ocrx_word' id='word_1_108' title='bbox 1206 1649 1230 1693; x_wconf 80' lang='lat' dir='ltr'><strong>te</strong></span> 
     </span>
    </p>
   </div>
   <div class='ocr_carea' id='block_1_5' title="bbox 595 1772 776 1792">
    <p class='ocr_par' dir='ltr' id='par_1_7' title="bbox 595 1772 776 1792">
     <span class='ocr_line' id='line_1_15' title="bbox 595 1772 776 1792; baseline 0 0"><span class='ocrx_word' id='word_1_109' title='bbox 595 1772 776 1792; x_wconf 60' lang='lat' dir='ltr'><em>W</em></span> 
     </span>
    </p>
   </div>
   <div class='ocr_carea' id='block_1_6' title="bbox 128 1851 1232 2222">
    <p class='ocr_par' dir='ltr' id='par_1_8' title="bbox 128 1851 1232 2222">
     <span class='ocr_line' id='line_1_16' title="bbox 130 1851 1232 1914; baseline 0.002 -14"><span class='ocrx_word' id='word_1_110' title='bbox 130 1852 189 1904; x_wconf 85' lang='lat' dir='ltr'><strong>vol.</strong></span> <span class='ocrx_word' id='word_1_111' title='bbox 199 1864 232 1902; x_wconf 91' lang='grc' dir='ltr'><strong>ιι.</strong></span> <span class='ocrx_word' id='word_1_112' title='bbox 250 1865 277 1914; x_wconf 90' lang='lat' dir='ltr'><strong>p.</strong></span> <span class='ocrx_word' id='word_1_113' title='bbox 288 1854 396 1901; x_wconf 61' lang='grc' dir='ltr'><strong>ὕει-67</strong></span> <span class='ocrx_word' id='word_1_114' title='bbox 412 1852 458 1902; x_wconf 76' lang='lat' dir='ltr'><strong>no</strong></span> <span class='ocrx_word' id='word_1_115' title='bbox 472 1851 536 1902; x_wconf 77' lang='lat' dir='ltr'><strong>idem</strong></span> <span class='ocrx_word' id='word_1_116' title='bbox 551 1853 646 1903; x_wconf 82' lang='lat' dir='ltr'><strong>Drerd.</strong></span> <span class='ocrx_word' id='word_1_117' title='bbox 677 1854 745 1903; x_wconf 76' lang='lat' dir='ltr'><strong>Uinio</strong></span> <span class='ocrx_word' id='word_1_118' title='bbox 760 1854 839 1905; x_wconf 85' lang='lat' dir='ltr'><strong>babet</strong></span> <span class='ocrx_word' id='word_1_119' title='bbox 857 1853 1050 1904; x_wconf 69' lang='lat' dir='ltr'><strong>Perenne—oe</strong></span> <span class='ocrx_word' id='word_1_120' title='bbox 1065 1853 1168 1904; x_wconf 75' lang='lat' dir='ltr'><strong>derideo</strong></span> <span class='ocrx_word' id='word_1_121' title='bbox 1185 1853 1232 1904; x_wconf 83' lang='lat' dir='ltr'><strong>nd·</strong></span> 
     </span>
     <span class='ocr_line' id='line_1_17' title="bbox 131 1915 1229 1980; baseline 0.002 -16"><span class='ocrx_word' id='word_1_122' title='bbox 131 1917 203 1966; x_wconf 88' lang='lat' dir='ltr'><strong>verb.</strong></span> <span class='ocrx_word' id='word_1_123' title='bbox 215 1915 317 1980; x_wconf 77' lang='lat' dir='ltr'><strong>Gryplr.</strong></span> <span class='ocrx_word' id='word_1_124' title='bbox 334 1916 418 1965; x_wconf 87' lang='lat' dir='ltr'><strong>Lirin.</strong></span> <span class='ocrx_word' id='word_1_125' title='bbox 433 1923 462 1966; x_wconf 88' lang='lat' dir='ltr'><strong>et</strong></span> <span class='ocrx_word' id='word_1_126' title='bbox 475 1917 626 1967; x_wconf 64' lang='lat' dir='ltr'><strong>Goba-69</strong></span> <span class='ocrx_word' id='word_1_127' title='bbox 643 1919 761 1967; x_wconf 69' lang='lat' dir='ltr'><strong>Coum</strong></span> <span class='ocrx_word' id='word_1_128' title='bbox 775 1919 850 1968; x_wconf 80' lang='lat' dir='ltr'><strong>Brlx.</strong></span> <span class='ocrx_word' id='word_1_129' title='bbox 861 1920 956 1968; x_wconf 86' lang='lat' dir='ltr'><strong>Venet.</strong></span> <span class='ocrx_word' id='word_1_130' title='bbox 967 1917 1047 1968; x_wconf 79' lang='lat' dir='ltr'><strong>Aldd.</strong></span> <span class='ocrx_word' id='word_1_131' title='bbox 1063 1918 1147 1968; x_wconf 84' lang='lat' dir='ltr'><strong>Collo.</strong></span> <span class='ocrx_word' id='word_1_132' title='bbox 1158 1919 1229 1967; x_wconf 86' lang='lat' dir='ltr'><strong>Mur.</strong></span> 
     </span>
     <span class='ocr_line' id='line_1_18' title="bbox 131 1979 1230 2045; baseline 0 -15"><span class='ocrx_word' id='word_1_133' title='bbox 131 1979 232 2045; x_wconf 78' lang='lat' dir='ltr'><strong>Grypb.</strong></span> <span class='ocrx_word' id='word_1_134' title='bbox 248 1980 330 2030; x_wconf 85' lang='lat' dir='ltr'><strong>Barll.</strong></span> <span class='ocrx_word' id='word_1_135' title='bbox 342 1981 420 2042; x_wconf 89' lang='lat' dir='ltr'><strong>Vulp.</strong></span> <span class='ocrx_word' id='word_1_136' title='bbox 436 1980 551 2031; x_wconf 84' lang='lat' dir='ltr'><strong>Broukb.</strong></span> <span class='ocrx_word' id='word_1_137' title='bbox 564 1986 587 2030; x_wconf 91' lang='lat'><strong>1.</strong></span> <span class='ocrx_word' id='word_1_138' title='bbox 610 1982 726 2030; x_wconf 73' lang='lat' dir='ltr'><strong>Caucasia</strong></span> <span class='ocrx_word' id='word_1_139' title='bbox 741 1986 829 2032; x_wconf 70' lang='lat'><strong>2—71</strong></span> <span class='ocrx_word' id='word_1_140' title='bbox 846 1981 949 2031; x_wconf 76' lang='lat' dir='ltr'><strong>‘Lirin</strong></span> <span class='ocrx_word' id='word_1_141' title='bbox 967 1981 1080 2032; x_wconf 82' lang='lat' dir='ltr'><strong>malebat</strong></span> <span class='ocrx_word' id='word_1_142' title='bbox 1093 1985 1168 2032; x_wconf 82' lang='lat' dir='ltr'><strong>citom</strong></span> <span class='ocrx_word' id='word_1_143' title='bbox 1184 1996 1230 2042; x_wconf 78' lang='lat' dir='ltr'><strong>rue,</strong></span> 
     </span>
     <span class='ocr_line' id='line_1_19' title="bbox 128 2043 1230 2110; baseline 0 -16"><span class='ocrx_word' id='word_1_144' title='bbox 128 2059 181 2094; x_wconf 87' lang='lat' dir='ltr'><strong>nou</strong></span> <span class='ocrx_word' id='word_1_145' title='bbox 200 2045 278 2094; x_wconf 82' lang='lat' dir='ltr'><strong>mole.</strong></span> <span class='ocrx_word' id='word_1_146' title='bbox 310 2043 354 2093; x_wconf 81' lang='lat' dir='ltr'><strong>Me</strong></span> <span class='ocrx_word' id='word_1_147' title='bbox 373 2043 486 2094; x_wconf 84' lang='lat' dir='ltr'><strong>babebat</strong></span> <span class='ocrx_word' id='word_1_148' title='bbox 501 2045 568 2094; x_wconf 87' lang='lat' dir='ltr'><strong>liber</strong></span> <span class='ocrx_word' id='word_1_149' title='bbox 585 2045 669 2096; x_wconf 72' lang='lat' dir='ltr'><strong>Voce!</strong></span> <span class='ocrx_word' id='word_1_150' title='bbox 687 2046 796 2096; x_wconf 77' lang='lat' dir='ltr'><strong>Broultb.</strong></span> <span class='ocrx_word' id='word_1_151' title='bbox 818 2045 862 2110; x_wconf 87' lang='lat' dir='ltr'><strong>qui</strong></span> <span class='ocrx_word' id='word_1_152' title='bbox 880 2053 966 2096; x_wconf 89' lang='lat' dir='ltr'><strong>taruen</strong></span> <span class='ocrx_word' id='word_1_153' title='bbox 985 2053 1073 2094; x_wconf 84' lang='lat' dir='ltr'><strong>tuetur</strong></span> <span class='ocrx_word' id='word_1_154' title='bbox 1091 2047 1162 2108; x_wconf 76' lang='lat' dir='ltr'><strong>vulg.</strong></span> <span class='ocrx_word' id='word_1_155' title='bbox 1180 2058 1230 2094; x_wconf 90' lang='lat' dir='ltr'><strong>nec</strong></span> 
     </span>
     <span class='ocr_line' id='line_1_20' title="bbox 130 2108 1232 2222; baseline 0.001 -65"><span class='ocrx_word' id='word_1_156' title='bbox 130 2108 265 2159; x_wconf 86' lang='lat' dir='ltr'><strong>re&#39;icieud.</strong></span> <span class='ocrx_word' id='word_1_157' title='bbox 277 2109 429 2172; x_wconf 79' lang='lat' dir='ltr'><strong>pronuntiat</strong></span> <span class='ocrx_word' id='word_1_158' title='bbox 440 2123 498 2158; x_wconf 86' lang='lat' dir='ltr'><strong>euru</strong></span> <span class='ocrx_word' id='word_1_159' title='bbox 511 2109 627 2158; x_wconf 81' lang='lat' dir='ltr'><strong>barthio.</strong></span> <span class='ocrx_word' id='word_1_160' title='bbox 659 2111 880 2222; x_wconf 50' lang='lat' dir='ltr'><strong>Mecongeceruut</strong></span> <span class='ocrx_word' id='word_1_161' title='bbox 897 2111 976 2159; x_wconf 85' lang='lat' dir='ltr'><strong>etiarn</strong></span> <span class='ocrx_word' id='word_1_162' title='bbox 993 2109 1084 2158; x_wconf 74' lang='lat' dir='ltr'><strong>Heius.</strong></span> <span class='ocrx_word' id='word_1_163' title='bbox 1097 2115 1124 2158; x_wconf 86' lang='lat' dir='ltr'><strong>et</strong></span> <span class='ocrx_word' id='word_1_164' title='bbox 1136 2108 1232 2158; x_wconf 84' lang='lat' dir='ltr'><strong>Markl.</strong></span> 
     </span>
    </p>
   </div>
   <div class='ocr_carea' id='block_1_7' title="bbox 161 2173 1231 2239">
    <p class='ocr_par' dir='ltr' id='par_1_9' title="bbox 161 2173 1231 2239">
     <span class='ocr_line' id='line_1_21' title="bbox 161 2173 1231 2239; baseline -0.001 -16"><span class='ocrx_word' id='word_1_165' title='bbox 161 2188 190 2223; x_wconf 80' lang='lat' dir='ltr'><strong>eo</strong></span> <span class='ocrx_word' id='word_1_166' title='bbox 204 2186 255 2223; x_wconf 91' lang='lat' dir='ltr'><strong>nou</strong></span> <span class='ocrx_word' id='word_1_167' title='bbox 272 2173 339 2222; x_wconf 88' lang='lat' dir='ltr'><strong>male</strong></span> <span class='ocrx_word' id='word_1_168' title='bbox 356 2173 425 2222; x_wconf 81' lang='lat' dir='ltr'><strong>tueri</strong></span> <span class='ocrx_word' id='word_1_169' title='bbox 442 2173 629 2223; x_wconf 79' lang='lat' dir='ltr'><strong>Brouklruoium</strong></span> <span class='ocrx_word' id='word_1_170' title='bbox 647 2173 740 2223; x_wconf 78' lang='lat' dir='ltr'><strong>statuit</strong></span> <span class='ocrx_word' id='word_1_171' title='bbox 780 2187 928 2236; x_wconf 79' lang='lat' dir='ltr'><strong>urmanuus,</strong></span> <span class='ocrx_word' id='word_1_172' title='bbox 945 2173 988 2239; x_wconf 85' lang='lat' dir='ltr'><strong>qui</strong></span> <span class='ocrx_word' id='word_1_173' title='bbox 1006 2173 1031 2222; x_wconf 89' lang='lat' dir='ltr'><strong>id</strong></span> <span class='ocrx_word' id='word_1_174' title='bbox 1048 2187 1105 2222; x_wconf 89' lang='lat' dir='ltr'><strong>eum</strong></span> <span class='ocrx_word' id='word_1_175' title='bbox 1125 2173 1231 2222; x_wconf 83' lang='lat' dir='ltr'><strong>Lecbnr.</strong></span> 
     </span>
    </p>
   </div>
   <div class='ocr_carea' id='block_1_8' title="bbox 128 2236 1251 2688">
    <p class='ocr_par' dir='ltr' id='par_1_10' title="bbox 128 2236 1251 2688">
     <span class='ocr_line' id='line_1_22' title="bbox 132 2236 1229 2302; baseline 0 -17"><span class='ocrx_word' id='word_1_176' title='bbox 132 2238 304 2288; x_wconf 73' lang='lat' dir='ltr'><strong>retinet-lt</strong></span> <span class='ocrx_word' id='word_1_177' title='bbox 320 2236 370 2286; x_wconf 88' lang='lat' dir='ltr'><strong>‘ln</strong></span> <span class='ocrx_word' id='word_1_178' title='bbox 388 2236 513 2301; x_wconf 78' lang='lat' dir='ltr'><strong>Groniug.</strong></span> <span class='ocrx_word' id='word_1_179' title='bbox 530 2244 571 2287; x_wconf 82' lang='lat' dir='ltr'><strong>ert</strong></span> <span class='ocrx_word' id='word_1_180' title='bbox 585 2252 642 2302; x_wconf 84' lang='lat' dir='ltr'><strong>porr</strong></span> <span class='ocrx_word' id='word_1_181' title='bbox 654 2238 706 2298; x_wconf 66' lang='lat' dir='ltr'><strong>rag.</strong></span> <span class='ocrx_word' id='word_1_182' title='bbox 723 2238 801 2302; x_wconf 83' lang='lat' dir='ltr'><strong>quod,</strong></span> <span class='ocrx_word' id='word_1_183' title='bbox 816 2238 843 2287; x_wconf 90' lang='lat' dir='ltr'><strong>ln</strong></span> <span class='ocrx_word' id='word_1_184' title='bbox 857 2238 908 2287; x_wconf 83' lang='lat' dir='ltr'><strong>rulo</strong></span> <span class='ocrx_word' id='word_1_185' title='bbox 924 2239 1067 2296; x_wconf 83' lang='lat' dir='ltr'><strong>inventum,</strong></span> <span class='ocrx_word' id='word_1_186' title='bbox 1084 2236 1229 2286; x_wconf 71' lang='lat' dir='ltr'><strong>Beroaldus</strong></span> 
     </span>
     <span class='ocr_line' id='line_1_23' title="bbox 130 2300 1231 2367; baseline -0.003 -17"><span class='ocrx_word' id='word_1_187' title='bbox 130 2315 221 2351; x_wconf 85' lang='lat' dir='ltr'><strong>verum</strong></span> <span class='ocrx_word' id='word_1_188' title='bbox 241 2301 392 2364; x_wconf 85' lang='lat' dir='ltr'><strong>pronuntiat</strong></span> <span class='ocrx_word' id='word_1_189' title='bbox 412 2314 443 2350; x_wconf 83' lang='lat' dir='ltr'><strong>ac</strong></span> <span class='ocrx_word' id='word_1_190' title='bbox 461 2302 616 2365; x_wconf 77' lang='lat' dir='ltr'><strong>legitimum.</strong></span> <span class='ocrx_word' id='word_1_191' title='bbox 648 2303 718 2366; x_wconf 79' lang='lat' dir='ltr'><strong>Ergo</strong></span> <span class='ocrx_word' id='word_1_192' title='bbox 736 2302 867 2352; x_wconf 74' lang='lat' dir='ltr'><strong>Meceuee</strong></span> <span class='ocrx_word' id='word_1_193' title='bbox 885 2300 936 2353; x_wconf 86' lang='lat' dir='ltr'><strong>fult</strong></span> <span class='ocrx_word' id='word_1_194' title='bbox 954 2315 1015 2367; x_wconf 82' lang='lat' dir='ltr'><strong>paro</strong></span> <span class='ocrx_word' id='word_1_195' title='bbox 1026 2301 1145 2365; x_wconf 77' lang='lat' dir='ltr'><strong>juvente</strong></span> <span class='ocrx_word' id='word_1_196' title='bbox 1166 2301 1231 2350; x_wconf 69' lang='lat' dir='ltr'><strong>Pro-</strong></span> 
     </span>
     <span class='ocr_line' id='line_1_24' title="bbox 130 2365 1230 2442; baseline -0.001 -28"><span class='ocrx_word' id='word_1_197' title='bbox 130 2365 277 2429; x_wconf 74' lang='lat' dir='ltr'><strong>pertiane?</strong></span> <span class='ocrx_word' id='word_1_198' title='bbox 293 2365 400 2428; x_wconf 80' lang='lat' dir='ltr'><strong>Apage:</strong></span> <span class='ocrx_word' id='word_1_199' title='bbox 418 2370 446 2414; x_wconf 86' lang='lat' dir='ltr'><strong>et</strong></span> <span class='ocrx_word' id='word_1_200' title='bbox 459 2366 622 2441; x_wconf 72' lang='lat' dir='ltr'><strong>Perterrtiuu</strong></span> <span class='ocrx_word' id='word_1_201' title='bbox 634 2365 689 2428; x_wconf 81' lang='lat' dir='ltr'><strong>J’am</strong></span> <span class='ocrx_word' id='word_1_202' title='bbox 706 2365 818 2429; x_wconf 68' lang='lat' dir='ltr'><strong>rejecit!</strong></span> <span class='ocrx_word' id='word_1_203' title='bbox 835 2367 942 2418; x_wconf 82' lang='lat' dir='ltr'><strong>Broalrb.</strong></span> <span class='ocrx_word' id='word_1_204' title='bbox 974 2366 1021 2416; x_wconf 81' lang='lat' dir='ltr'><strong>Cui</strong></span> <span class='ocrx_word' id='word_1_205' title='bbox 1038 2365 1148 2442; x_wconf 71' lang='lat' dir='ltr'><strong>assentit</strong></span> <span class='ocrx_word' id='word_1_206' title='bbox 1163 2365 1230 2416; x_wconf 78' lang='lat' dir='ltr'><strong>Rer-</strong></span> 
     </span>
     <span class='ocr_line' id='line_1_25' title="bbox 128 2429 1232 2569; baseline -0.002 -26"><span class='ocrx_word' id='word_1_207' title='bbox 128 2429 646 2557; x_wconf 49' lang='lat' dir='ltr'><strong>illeilll‘tlt‘tts·tinniit?</strong></span> <span class='ocrx_word' id='word_1_208' title='bbox 660 2431 1072 2544; x_wconf 55' lang='lat' dir='ltr'><strong>“tillittllllll-”ll</strong></span> <span class='ocrx_word' id='word_1_209' title='bbox 1105 2433 1232 2569; x_wconf 56' lang='lat' dir='ltr'><strong>‘ltili</strong></span> 
     </span>
     <span class='ocr_line' id='line_1_26' title="bbox 130 2555 1251 2626; baseline -0.003 -18"><span class='ocrx_word' id='word_1_210' title='bbox 130 2555 579 2626; x_wconf 68' lang='lat' dir='ltr'><strong>nortioaffert&#39;l&#39;orreut.odllorat.</strong></span> <span class='ocrx_word' id='word_1_211' title='bbox 594 2562 655 2621; x_wconf 65' lang='lat' dir='ltr'><strong>ps.</strong></span> <span class='ocrx_word' id='word_1_212' title='bbox 712 2559 772 2606; x_wconf 80' lang='lat' dir='ltr'><strong>ertio</strong></span> <span class='ocrx_word' id='word_1_213' title='bbox 787 2559 875 2608; x_wconf 89' lang='lat' dir='ltr'><strong>Burm.</strong></span> <span class='ocrx_word' id='word_1_214' title='bbox 888 2563 911 2608; x_wconf 93' lang='lat' dir='ltr'><strong>l.</strong></span> <span class='ocrx_word' id='word_1_215' title='bbox 929 2558 1022 2608; x_wconf 85' lang='lat' dir='ltr'><strong>Dreed.</strong></span> <span class='ocrx_word' id='word_1_216' title='bbox 1048 2557 1251 2616; x_wconf 66' lang='lat' dir='ltr'><strong>Glorroyunoto·</strong></span> 
     </span>
     <span class='ocr_line' id='line_1_27' title="bbox 131 2621 1230 2688; baseline -0.005 -13"><span class='ocrx_word' id='word_1_217' title='bbox 131 2621 202 2687; x_wconf 73' lang='lat' dir='ltr'><strong>(roy.</strong></span> <span class='ocrx_word' id='word_1_218' title='bbox 222 2623 395 2673; x_wconf 68' lang='lat' dir='ltr'><strong>tiburtem</strong></span> <span class='ocrx_word' id='word_1_219' title='bbox 406 2621 481 2674; x_wconf 77' lang='lat' dir='ltr'><strong>leid.</strong></span> <span class='ocrx_word' id='word_1_220' title='bbox 492 2627 516 2674; x_wconf 87' lang='lat'><strong>1.</strong></span> <span class='ocrx_word' id='word_1_221' title='bbox 530 2622 599 2687; x_wconf 88' lang='lat' dir='ltr'><strong>quod</strong></span> <span class='ocrx_word' id='word_1_222' title='bbox 611 2623 700 2688; x_wconf 88' lang='lat' dir='ltr'><strong>inepte</strong></span> <span class='ocrx_word' id='word_1_223' title='bbox 710 2621 809 2672; x_wconf 80' lang='lat' dir='ltr'><strong>foetum</strong></span> <span class='ocrx_word' id='word_1_224' title='bbox 825 2621 917 2673; x_wconf 77' lang='lat' dir='ltr'><strong>ouran</strong></span> <span class='ocrx_word' id='word_1_225' title='bbox 931 2623 1020 2672; x_wconf 75' lang='lat' dir='ltr'><strong>burm.</strong></span> <span class='ocrx_word' id='word_1_226' title='bbox 1036 2621 1084 2671; x_wconf 83' lang='lat' dir='ltr'><strong>aiei</strong></span> <span class='ocrx_word' id='word_1_227' title='bbox 1094 2624 1149 2671; x_wconf 78' lang='lat' dir='ltr'><strong>toto</strong></span> <span class='ocrx_word' id='word_1_228' title='bbox 1158 2621 1230 2669; x_wconf 87' lang='lat' dir='ltr'><strong>vulu-</strong></span> 
     </span>
    </p>
   </div>
   <div class='ocr_carea' id='block_1_9' title="bbox 625 2785 731 2838">
    <p class='ocr_par' dir='ltr' id='par_1_11' title="bbox 625 2785 731 2838">
     <span class='ocr_line' id='line_1_28' title="bbox 625 2785 731 2838; baseline 0 0"><span class='ocrx_word' id='word_1_229' title='bbox 625 2785 731 2838; x_wconf 69' lang='lat' dir='ltr'><strong>Nom</strong></span> 
     </span>
    </p>
   </div>
   <div class='ocr_carea' id='block_1_10' title="bbox 127 2891 1245 4262">
    <p class='ocr_par' dir='ltr' id='par_1_12' title="bbox 127 2891 1245 4262">
     <span class='ocr_line' id='line_1_29' title="bbox 127 2891 1231 2966; baseline -0.007 -16"><span class='ocrx_word' id='word_1_230' title='bbox 127 2899 240 2966; x_wconf 81' lang='lat' dir='ltr'><strong>‘Teque</strong></span> <span class='ocrx_word' id='word_1_231' title='bbox 251 2905 360 2964; x_wconf 82' lang='lat' dir='ltr'><strong>oopectu</strong></span> <span class='ocrx_word' id='word_1_232' title='bbox 370 2914 404 2950; x_wconf 88' lang='lat' dir='ltr'><strong>ne</strong></span> <span class='ocrx_word' id='word_1_233' title='bbox 419 2898 542 2950; x_wconf 85' lang='lat' dir='ltr'><strong>rubtrabe</strong></span> <span class='ocrx_word' id='word_1_234' title='bbox 553 2898 659 2949; x_wconf 75' lang='lat' dir='ltr'><strong>uortru&#39;</strong></span> <span class='ocrx_word' id='word_1_235' title='bbox 700 2899 752 2948; x_wconf 82' lang='lat' dir='ltr'><strong>lato</strong></span> <span class='ocrx_word' id='word_1_236' title='bbox 767 2897 858 2948; x_wconf 89' lang='lat' dir='ltr'><strong>morbo</strong></span> <span class='ocrx_word' id='word_1_237' title='bbox 875 2910 917 2946; x_wconf 86' lang='lat' dir='ltr'><strong>me</strong></span> <span class='ocrx_word' id='word_1_238' title='bbox 935 2895 1048 2945; x_wconf 83' lang='lat' dir='ltr'><strong>liberare</strong></span> <span class='ocrx_word' id='word_1_239' title='bbox 1063 2891 1169 2957; x_wconf 76' lang='lat' dir='ltr'><strong>vaiebit,</strong></span> <span class='ocrx_word' id='word_1_240' title='bbox 1187 2892 1231 2943; x_wconf 89' lang='lat' dir='ltr'><strong>ille</strong></span> 
     </span>
     <span class='ocr_line' id='line_1_30' title="bbox 131 2970 1230 3041; baseline -0.009 -12"><span class='ocrx_word' id='word_1_241' title='bbox 131 2976 209 3029; x_wconf 76' lang='lat' dir='ltr'><strong>Quod</strong></span> <span class='ocrx_word' id='word_1_242' title='bbox 221 2973 661 3041; x_wconf 76' lang='lat' dir='ltr'><strong>frequentiusVetereeinaomini·</strong></span> <span class='ocrx_word' id='word_1_243' title='bbox 701 2989 752 3024; x_wconf 88' lang='lat' dir='ltr'><strong>nou</strong></span> <span class='ocrx_word' id='word_1_244' title='bbox 771 2973 848 3024; x_wconf 86' lang='lat' dir='ltr'><strong>ruodo</strong></span> <span class='ocrx_word' id='word_1_245' title='bbox 867 2986 944 3037; x_wconf 86' lang='lat' dir='ltr'><strong>poma</strong></span> <span class='ocrx_word' id='word_1_246' title='bbox 964 2971 1076 3021; x_wconf 76' lang='lat' dir='ltr'><strong>&#39;lentulo</strong></span> <span class='ocrx_word' id='word_1_247' title='bbox 1097 2970 1230 3034; x_wconf 71' lang='lat' dir='ltr'><strong>porrigere</strong></span> 
     </span>
     <span class='ocr_line' id='line_1_31' title="bbox 130 3045 1231 3119; baseline -0.012 -14"><span class='ocrx_word' id='word_1_248' title='bbox 130 3055 180 3105; x_wconf 78' lang='lat' dir='ltr'><strong>boe</strong></span> <span class='ocrx_word' id='word_1_249' title='bbox 191 3053 277 3119; x_wconf 86' lang='lat' dir='ltr'><strong>quartl</strong></span> <span class='ocrx_word' id='word_1_250' title='bbox 288 3053 384 3102; x_wconf 77' lang='lat' dir='ltr'><strong>ordiale</strong></span> <span class='ocrx_word' id='word_1_251' title='bbox 395 3053 565 3118; x_wconf 75' lang='lat' dir='ltr'><strong>usurpabant.</strong></span> <span class='ocrx_word' id='word_1_252' title='bbox 591 3049 661 3102; x_wconf 80' lang='lat' dir='ltr'><strong>&#39;&#39;lun-</strong></span> <span class='ocrx_word' id='word_1_253' title='bbox 702 3047 874 3112; x_wconf 67' lang='lat' dir='ltr'><strong>deportanda,</strong></span> <span class='ocrx_word' id='word_1_254' title='bbox 892 3045 939 3096; x_wconf 83' lang='lat' dir='ltr'><strong>aed</strong></span> <span class='ocrx_word' id='word_1_255' title='bbox 951 3055 979 3096; x_wconf 85' lang='lat' dir='ltr'><strong>et</strong></span> <span class='ocrx_word' id='word_1_256' title='bbox 990 3045 1108 3095; x_wconf 83' lang='lat' dir='ltr'><strong>Belldum</strong></span> <span class='ocrx_word' id='word_1_257' title='bbox 1120 3059 1166 3094; x_wconf 81' lang='lat' dir='ltr'><strong>eeu</strong></span> <span class='ocrx_word' id='word_1_258' title='bbox 1178 3045 1231 3094; x_wconf 82' lang='lat' dir='ltr'><strong>Do·</strong></span> 
     </span>
     <span class='ocr_line' id='line_1_32' title="bbox 132 3120 1225 3194; baseline -0.014 -11"><span class='ocrx_word' id='word_1_259' title='bbox 132 3130 273 3183; x_wconf 85' lang='lat' dir='ltr'><strong>toiinoticr</strong></span> <span class='ocrx_word' id='word_1_260' title='bbox 284 3127 431 3192; x_wconf 81' lang='lat' dir='ltr'><strong>ertt&#39;abula,</strong></span> <span class='ocrx_word' id='word_1_261' title='bbox 442 3135 557 3194; x_wconf 80' lang='lat' dir='ltr'><strong>quaerut</strong></span> <span class='ocrx_word' id='word_1_262' title='bbox 568 3125 661 3176; x_wconf 86' lang='lat' dir='ltr'><strong>referri</strong></span> <span class='ocrx_word' id='word_1_263' title='bbox 702 3124 807 3175; x_wconf 87' lang='lat' dir='ltr'><strong>naldum</strong></span> <span class='ocrx_word' id='word_1_264' title='bbox 826 3123 922 3173; x_wconf 88' lang='lat' dir='ltr'><strong>dolium</strong></span> <span class='ocrx_word' id='word_1_265' title='bbox 941 3121 1039 3184; x_wconf 85' lang='lat' dir='ltr'><strong>poterit</strong></span> <span class='ocrx_word' id='word_1_266' title='bbox 1058 3120 1174 3184; x_wconf 82' lang='lat' dir='ltr'><strong>explere,</strong></span> <span class='ocrx_word' id='word_1_267' title='bbox 1196 3127 1225 3168; x_wconf 82' lang='lat' dir='ltr'><strong>et</strong></span> 
     </span>
     <span class='ocr_line' id='line_1_33' title="bbox 132 3195 1228 3262; baseline -0.016 -2"><span class='ocrx_word' id='word_1_268' title='bbox 132 3209 239 3260; x_wconf 87' lang='lat' dir='ltr'><strong>debeat.</strong></span> <span class='ocrx_word' id='word_1_269' title='bbox 273 3207 324 3257; x_wconf 85' lang='lat' dir='ltr'><strong>Or.</strong></span> <span class='ocrx_word' id='word_1_270' title='bbox 339 3220 372 3258; x_wconf 92' lang='grc' dir='ltr'><strong>ιι.</strong></span> <span class='ocrx_word' id='word_1_271' title='bbox 391 3207 481 3257; x_wconf 79' lang='lat' dir='ltr'><strong>Aruer.</strong></span> <span class='ocrx_word' id='word_1_272' title='bbox 500 3211 526 3256; x_wconf 74' lang='lat'><strong>2.</strong></span> <span class='ocrx_word' id='word_1_273' title='bbox 540 3203 662 3258; x_wconf 75' lang='lat' dir='ltr'><strong>‘Quaerit</strong></span> <span class='ocrx_word' id='word_1_274' title='bbox 702 3199 855 3250; x_wconf 83' lang='lat' dir='ltr'><strong>Promethei</strong></span> <span class='ocrx_word' id='word_1_275' title='bbox 875 3211 970 3262; x_wconf 78' lang='lat' dir='ltr'><strong>eorpus</strong></span> <span class='ocrx_word' id='word_1_276' title='bbox 991 3195 1144 3245; x_wconf 79' lang='lat' dir='ltr'><strong>eCuucaelo</strong></span> <span class='ocrx_word' id='word_1_277' title='bbox 1161 3209 1228 3259; x_wconf 90' lang='lat' dir='ltr'><strong>rupe</strong></span> 
     </span>
     <span class='ocr_line' id='line_1_34' title="bbox 131 3270 1231 3349; baseline -0.015 -14"><span class='ocrx_word' id='word_1_278' title='bbox 131 3283 345 3349; x_wconf 71' lang='lat' dir='ltr'><strong>aquariaeque,</strong></span> <span class='ocrx_word' id='word_1_279' title='bbox 360 3291 389 3334; x_wconf 81' lang='lat' dir='ltr'><strong>et</strong></span> <span class='ocrx_word' id='word_1_280' title='bbox 400 3297 476 3347; x_wconf 87' lang='lat' dir='ltr'><strong>poma</strong></span> <span class='ocrx_word' id='word_1_281' title='bbox 486 3280 589 3346; x_wconf 73' lang='lat' dir='ltr'><strong>fugacia</strong></span> <span class='ocrx_word' id='word_1_282' title='bbox 599 3294 661 3344; x_wconf 82' lang='lat' dir='ltr'><strong>cap·</strong></span> <span class='ocrx_word' id='word_1_283' title='bbox 703 3277 814 3338; x_wconf 78' lang='lat' dir='ltr'><strong>coivere,</strong></span> <span class='ocrx_word' id='word_1_284' title='bbox 831 3273 864 3324; x_wconf 90' lang='lat' dir='ltr'><strong>ab</strong></span> <span class='ocrx_word' id='word_1_285' title='bbox 875 3273 982 3337; x_wconf 81' lang='lat' dir='ltr'><strong>ejmque</strong></span> <span class='ocrx_word' id='word_1_286' title='bbox 997 3270 1139 3320; x_wconf 73' lang='lat' dir='ltr'><strong>visceribus</strong></span> <span class='ocrx_word' id='word_1_287' title='bbox 1158 3270 1231 3336; x_wconf 86' lang='lat' dir='ltr'><strong>oqui·</strong></span> 
     </span>
     <span class='ocr_line' id='line_1_35' title="bbox 132 3348 1231 3424; baseline -0.013 -12"><span class='ocrx_word' id='word_1_288' title='bbox 132 3367 173 3412; x_wconf 87' lang='lat' dir='ltr'><strong>tat</strong></span> <span class='ocrx_word' id='word_1_289' title='bbox 184 3359 323 3408; x_wconf 78' lang='lat' dir='ltr'><strong>Tantalon:</strong></span> <span class='ocrx_word' id='word_1_290' title='bbox 340 3360 389 3408; x_wconf 90' lang='lat' dir='ltr'><strong>boc</strong></span> <span class='ocrx_word' id='word_1_291' title='bbox 399 3359 437 3408; x_wconf 88' lang='lat' dir='ltr'><strong>illi</strong></span> <span class='ocrx_word' id='word_1_292' title='bbox 454 3360 559 3424; x_wconf 74' lang='lat' dir='ltr'><strong>garrula</strong></span> <span class='ocrx_word' id='word_1_293' title='bbox 574 3357 661 3421; x_wconf 72' lang='lat' dir='ltr'><strong>bogae</strong></span> <span class='ocrx_word' id='word_1_294' title='bbox 702 3353 752 3403; x_wconf 86' lang='lat' dir='ltr'><strong>lum</strong></span> <span class='ocrx_word' id='word_1_295' title='bbox 761 3366 880 3403; x_wconf 83' lang='lat' dir='ltr'><strong>voracem</strong></span> <span class='ocrx_word' id='word_1_296' title='bbox 889 3364 1017 3400; x_wconf 81' lang='lat' dir='ltr'><strong>amovere.</strong></span> <span class='ocrx_word' id='word_1_297' title='bbox 1034 3348 1157 3399; x_wconf 76' lang='lat' dir='ltr'><strong>Fabulam</strong></span> <span class='ocrx_word' id='word_1_298' title='bbox 1167 3349 1231 3399; x_wconf 84' lang='lat' dir='ltr'><strong>Pro·</strong></span> 
     </span>
     <span class='ocr_line' id='line_1_36' title="bbox 134 3423 1232 3490; baseline -0.01 -6"><span class='ocrx_word' id='word_1_299' title='bbox 134 3433 227 3486; x_wconf 72' lang='lat' dir='ltr'><strong>denir:</strong></span> <span class='ocrx_word' id='word_1_300' title='bbox 701 3429 796 3480; x_wconf 76' lang='lat' dir='ltr'><strong>mothel</strong></span> <span class='ocrx_word' id='word_1_301' title='bbox 808 3423 1232 3490; x_wconf 76' lang='lat' dir='ltr'><strong>iuCoucueomoutereligati,ubi</strong></span> 
     </span>
     <span class='ocr_line' id='line_1_37' title="bbox 163 3500 1232 3574; baseline -0.014 -11"><span class='ocrx_word' id='word_1_302' title='bbox 163 3516 196 3563; x_wconf 76' lang='grc'><strong>67</strong></span> <span class='ocrx_word' id='word_1_303' title='bbox 213 3510 287 3562; x_wconf 76' lang='lat' dir='ltr'><strong>Delio</strong></span> <span class='ocrx_word' id='word_1_304' title='bbox 296 3511 410 3574; x_wconf 70' lang='lat' dir='ltr'><strong>uirgineis</strong></span> <span class='ocrx_word' id='word_1_305' title='bbox 427 3508 506 3573; x_wconf 74' lang='lat' dir='ltr'><strong>urob]</strong></span> <span class='ocrx_word' id='word_1_306' title='bbox 529 3507 662 3558; x_wconf 73' lang='lat' dir='ltr'><strong>Danaides</strong></span> <span class='ocrx_word' id='word_1_307' title='bbox 695 3507 773 3570; x_wconf 85' lang='lat' dir='ltr'><strong>jecur</strong></span> <span class='ocrx_word' id='word_1_308' title='bbox 784 3505 865 3570; x_wconf 83' lang='lat' dir='ltr'><strong>ipriue</strong></span> <span class='ocrx_word' id='word_1_309' title='bbox 876 3503 998 3555; x_wconf 86' lang='lat' dir='ltr'><strong>contiuuo</strong></span> <span class='ocrx_word' id='word_1_310' title='bbox 1009 3515 1148 3552; x_wconf 83' lang='lat' dir='ltr'><strong>renaeceue</strong></span> <span class='ocrx_word' id='word_1_311' title='bbox 1158 3500 1232 3566; x_wconf 86' lang='lat' dir='ltr'><strong>aqui·</strong></span> 
     </span>
     <span class='ocr_line' id='line_1_38' title="bbox 132 3578 1232 3652; baseline -0.011 -13"><span class='ocrx_word' id='word_1_312' title='bbox 132 3603 177 3639; x_wconf 80' lang='lat' dir='ltr'><strong>eeu</strong></span> <span class='ocrx_word' id='word_1_313' title='bbox 187 3587 293 3638; x_wconf 75' lang='lat' dir='ltr'><strong>Belidae</strong></span> <span class='ocrx_word' id='word_1_314' title='bbox 303 3586 435 3652; x_wconf 73' lang='lat' dir='ltr'><strong>intelligit,</strong></span> <span class='ocrx_word' id='word_1_315' title='bbox 446 3601 503 3652; x_wconf 79' lang='lat' dir='ltr'><strong>quae</strong></span> <span class='ocrx_word' id='word_1_316' title='bbox 515 3585 583 3651; x_wconf 85' lang='lat' dir='ltr'><strong>apud</strong></span> <span class='ocrx_word' id='word_1_317' title='bbox 595 3583 661 3635; x_wconf 80' lang='lat' dir='ltr'><strong>infe·</strong></span> <span class='ocrx_word' id='word_1_318' title='bbox 701 3583 738 3633; x_wconf 72' lang='lat' dir='ltr'><strong>la&#39;</strong></span> <span class='ocrx_word' id='word_1_319' title='bbox 749 3581 950 3647; x_wconf 75' lang='lat' dir='ltr'><strong>depascebatur,</strong></span> <span class='ocrx_word' id='word_1_320' title='bbox 969 3595 1025 3645; x_wconf 78' lang='lat' dir='ltr'><strong>cup.</strong></span> <span class='ocrx_word' id='word_1_321' title='bbox 1041 3579 1097 3647; x_wconf 85' lang='lat' dir='ltr'><strong>jam</strong></span> <span class='ocrx_word' id='word_1_322' title='bbox 1116 3578 1232 3643; x_wconf 79' lang='lat' dir='ltr'><strong>pluribuo</strong></span> 
     </span>
     <span class='ocr_line' id='line_1_39' title="bbox 132 3654 843 3729; baseline -0.01 -15"><span class='ocrx_word' id='word_1_323' title='bbox 132 3679 176 3716; x_wconf 85' lang='lat' dir='ltr'><strong>roe</strong></span> <span class='ocrx_word' id='word_1_324' title='bbox 186 3677 266 3729; x_wconf 81' lang='lat' dir='ltr'><strong>aqam</strong></span> <span class='ocrx_word' id='word_1_325' title='bbox 272 3663 375 3728; x_wconf 72' lang='lat' dir='ltr'><strong>jugiter</strong></span> <span class='ocrx_word' id='word_1_326' title='bbox 384 3661 516 3724; x_wconf 81' lang='lat' dir='ltr'><strong>hauriunt,</strong></span> <span class='ocrx_word' id='word_1_327' title='bbox 531 3675 562 3710; x_wconf 84' lang='lat' dir='ltr'><strong>ae</strong></span> <span class='ocrx_word' id='word_1_328' title='bbox 573 3660 598 3709; x_wconf 90' lang='lat' dir='ltr'><strong>ln</strong></span> <span class='ocrx_word' id='word_1_329' title='bbox 615 3659 661 3709; x_wconf 92' lang='lat' dir='ltr'><strong>do·</strong></span> <span class='ocrx_word' id='word_1_330' title='bbox 702 3654 843 3719; x_wconf 74' lang='lat' dir='ltr'><strong>attigimus.</strong></span> 
     </span>
     <span class='ocr_line' id='line_1_40' title="bbox 132 3725 1231 3803; baseline -0.015 -13"><span class='ocrx_word' id='word_1_331' title='bbox 132 3740 195 3790; x_wconf 89' lang='lat' dir='ltr'><strong>liurn</strong></span> <span class='ocrx_word' id='word_1_332' title='bbox 223 3737 384 3803; x_wconf 80' lang='lat' dir='ltr'><strong>perforatum</strong></span> <span class='ocrx_word' id='word_1_333' title='bbox 411 3735 563 3799; x_wconf 81' lang='lat' dir='ltr'><strong>infundunt,</strong></span> <span class='ocrx_word' id='word_1_334' title='bbox 592 3734 661 3802; x_wconf 86' lang='lat' dir='ltr'><strong>quod</strong></span> <span class='ocrx_word' id='word_1_335' title='bbox 732 3737 765 3786; x_wconf 72' lang='lat' dir='ltr'><strong>ll</strong></span> <span class='ocrx_word' id='word_1_336' title='bbox 787 3733 818 3782; x_wconf 82' lang='lat' dir='ltr'><strong>Io</strong></span> <span class='ocrx_word' id='word_1_337' title='bbox 838 3732 926 3794; x_wconf 69' lang='lat' dir='ltr'><strong>exim</strong></span> <span class='ocrx_word' id='word_1_338' title='bbox 944 3745 1061 3783; x_wconf 72' lang='lat' dir='ltr'><strong>monnone</strong></span> <span class='ocrx_word' id='word_1_339' title='bbox 1076 3742 1159 3778; x_wconf 78' lang='lat' dir='ltr'><strong>nonen</strong></span> <span class='ocrx_word' id='word_1_340' title='bbox 1179 3725 1231 3788; x_wconf 86' lang='lat' dir='ltr'><strong>ero]</strong></span> 
     </span>
     <span class='ocr_line' id='line_1_41' title="bbox 130 3806 1232 3879; baseline -0.014 -14"><span class='ocrx_word' id='word_1_341' title='bbox 130 3819 382 3879; x_wconf 78' lang='lat' dir='ltr'><strong>nunqnampoeeunt</strong></span> <span class='ocrx_word' id='word_1_342' title='bbox 393 3813 508 3877; x_wconf 82' lang='lat' dir='ltr'><strong>explere.</strong></span> <span class='ocrx_word' id='word_1_343' title='bbox 534 3812 628 3862; x_wconf 79' lang='lat' dir='ltr'><strong>&#39;libuli</strong></span> <span class='ocrx_word' id='word_1_344' title='bbox 639 3825 659 3861; x_wconf 90' lang='lat' dir='ltr'><strong>r.</strong></span> <span class='ocrx_word' id='word_1_345' title='bbox 702 3810 767 3860; x_wconf 85' lang='lat' dir='ltr'><strong>Cura</strong></span> <span class='ocrx_word' id='word_1_346' title='bbox 785 3807 849 3858; x_wconf 85' lang='lat' dir='ltr'><strong>nihil</strong></span> <span class='ocrx_word' id='word_1_347' title='bbox 860 3808 910 3858; x_wconf 85' lang='lat' dir='ltr'><strong>mei</strong></span> <span class='ocrx_word' id='word_1_348' title='bbox 929 3806 1059 3872; x_wconf 80' lang='lat' dir='ltr'><strong>eupererit</strong></span> <span class='ocrx_word' id='word_1_349' title='bbox 1070 3811 1167 3868; x_wconf 77' lang='lat' dir='ltr'><strong>preter</strong></span> <span class='ocrx_word' id='word_1_350' title='bbox 1186 3816 1232 3851; x_wconf 90' lang='lat' dir='ltr'><strong>no·</strong></span> 
     </span>
     <span class='ocr_line' id='line_1_42' title="bbox 130 3879 1230 3953; baseline -0.015 -12"><span class='ocrx_word' id='word_1_351' title='bbox 130 3895 157 3942; x_wconf 75' lang='lat' dir='ltr'><strong>b.</strong></span> <span class='ocrx_word' id='word_1_352' title='bbox 171 3891 222 3940; x_wconf 80' lang='lat' dir='ltr'><strong>‘Et</strong></span> <span class='ocrx_word' id='word_1_353' title='bbox 233 3889 319 3940; x_wconf 84' lang='lat' dir='ltr'><strong>Danai</strong></span> <span class='ocrx_word' id='word_1_354' title='bbox 330 3888 426 3953; x_wconf 80' lang='lat' dir='ltr'><strong>proles,</strong></span> <span class='ocrx_word' id='word_1_355' title='bbox 434 3887 606 3952; x_wconf 78' lang='lat' dir='ltr'><strong>Venerisque</strong></span> <span class='ocrx_word' id='word_1_356' title='bbox 615 3900 661 3936; x_wconf 89' lang='lat' dir='ltr'><strong>nu·</strong></span> <span class='ocrx_word' id='word_1_357' title='bbox 700 3884 856 3946; x_wconf 74' lang='lat' dir='ltr'><strong>menende,</strong></span> <span class='ocrx_word' id='word_1_358' title='bbox 876 3881 965 3947; x_wconf 77' lang='lat' dir='ltr'><strong>paucio</strong></span> <span class='ocrx_word' id='word_1_359' title='bbox 985 3879 1066 3930; x_wconf 77' lang='lat' dir='ltr'><strong>liberie</strong></span> <span class='ocrx_word' id='word_1_360' title='bbox 1087 3881 1230 3928; x_wconf 80' lang='lat' dir='ltr'><strong>exaratum.</strong></span> 
     </span>
     <span class='ocr_line' id='line_1_43' title="bbox 131 3953 1232 4029; baseline -0.014 -11"><span class='ocrx_word' id='word_1_361' title='bbox 131 3965 291 4029; x_wconf 81' lang='lat' dir='ltr'><strong>minalaeoit,</strong></span> <span class='ocrx_word' id='word_1_362' title='bbox 311 3965 343 4015; x_wconf 85' lang='lat' dir='ltr'><strong>ln</strong></span> <span class='ocrx_word' id='word_1_363' title='bbox 365 3979 431 4016; x_wconf 85' lang='lat' dir='ltr'><strong>cora</strong></span> <span class='ocrx_word' id='word_1_364' title='bbox 452 3965 573 4014; x_wconf 78' lang='lat' dir='ltr'><strong>Letbeor</strong></span> <span class='ocrx_word' id='word_1_365' title='bbox 592 3963 662 4014; x_wconf 85' lang='lat' dir='ltr'><strong>dolia</strong></span> <span class='ocrx_word' id='word_1_366' title='bbox 701 3960 754 4012; x_wconf 83' lang='lat' dir='ltr'><strong>Or.</strong></span> <span class='ocrx_word' id='word_1_367' title='bbox 771 3958 805 4009; x_wconf 93' lang='lat' dir='ltr'><strong>de</strong></span> <span class='ocrx_word' id='word_1_368' title='bbox 824 3965 908 4008; x_wconf 84' lang='lat' dir='ltr'><strong>morte</strong></span> <span class='ocrx_word' id='word_1_369' title='bbox 918 3955 1029 4006; x_wconf 82' lang='lat' dir='ltr'><strong>Tibulli:</strong></span> <span class='ocrx_word' id='word_1_370' title='bbox 1047 3953 1091 4003; x_wconf 84' lang='lat' dir='ltr'><strong>‘Si</strong></span> <span class='ocrx_word' id='word_1_371' title='bbox 1114 3959 1232 4003; x_wconf 76' lang='lat' dir='ltr'><strong>torneae</strong></span> 
     </span>
     <span class='ocr_line' id='line_1_44' title="bbox 131 4027 1245 4109; baseline -0.015 -15"><span class='ocrx_word' id='word_1_372' title='bbox 131 4046 330 4109; x_wconf 69' lang='lat' dir='ltr'><strong>portatequau:</strong></span> <span class='ocrx_word' id='word_1_373' title='bbox 700 4035 775 4085; x_wconf 80' lang='lat' dir='ltr'><strong>nobie</strong></span> <span class='ocrx_word' id='word_1_374' title='bbox 792 4033 889 4098; x_wconf 81' lang='lat' dir='ltr'><strong>aliquid</strong></span> <span class='ocrx_word' id='word_1_375' title='bbox 913 4031 962 4081; x_wconf 80' lang='lat' dir='ltr'><strong>nisi</strong></span> <span class='ocrx_word' id='word_1_376' title='bbox 980 4043 1073 4080; x_wconf 85' lang='lat' dir='ltr'><strong>nomen</strong></span> <span class='ocrx_word' id='word_1_377' title='bbox 1090 4034 1118 4079; x_wconf 87' lang='lat' dir='ltr'><strong>et</strong></span> <span class='ocrx_word' id='word_1_378' title='bbox 1140 4027 1245 4082; x_wconf 82' lang='lat' dir='ltr'><strong>umbre·</strong></span> 
     </span>
     <span class='ocr_line' id='line_1_45' title="bbox 134 4105 1231 4182; baseline -0.015 -11"><span class='ocrx_word' id='word_1_379' title='bbox 134 4155 137 4162; x_wconf 87' lang='lat'>.</span> <span class='ocrx_word' id='word_1_380' title='bbox 163 4123 198 4170; x_wconf 75' lang='lat'><strong>6⁹</strong></span> <span class='ocrx_word' id='word_1_381' title='bbox 215 4118 332 4170; x_wconf 70' lang='lat' dir='ltr'><strong>emota</strong></span> <span class='ocrx_word' id='word_1_382' title='bbox 341 4119 371 4168; x_wconf 82' lang='lat' dir='ltr'><strong>de</strong></span> <span class='ocrx_word' id='word_1_383' title='bbox 386 4131 445 4182; x_wconf 72' lang='lat' dir='ltr'><strong>rupe</strong></span> <span class='ocrx_word' id='word_1_384' title='bbox 462 4113 607 4178; x_wconf 67' lang='lat' dir='ltr'><strong>Poonnbd]</strong></span> <span class='ocrx_word' id='word_1_385' title='bbox 633 4112 662 4163; x_wconf 75' lang='lat' dir='ltr'><strong>bi</strong></span> <span class='ocrx_word' id='word_1_386' title='bbox 702 4107 811 4162; x_wconf 64' lang='lat' dir='ltr'><strong>Restat?</strong></span> <span class='ocrx_word' id='word_1_387' title='bbox 842 4109 965 4172; x_wconf 87' lang='lat' dir='ltr'><strong>Propert.</strong></span> <span class='ocrx_word' id='word_1_388' title='bbox 975 4107 1032 4170; x_wconf 81' lang='lat' dir='ltr'><strong>ipee</strong></span> <span class='ocrx_word' id='word_1_389' title='bbox 1041 4119 1084 4157; x_wconf 89' lang='lat' dir='ltr'><strong>nr.</strong></span> <span class='ocrx_word' id='word_1_390' title='bbox 1096 4109 1136 4156; x_wconf 85' lang='lat' dir='ltr'><strong>lb.</strong></span> <span class='ocrx_word' id='word_1_391' title='bbox 1154 4105 1231 4160; x_wconf 81' lang='lat' dir='ltr'><strong>‘Nou</strong></span> 
     </span>
     <span class='ocr_line' id='line_1_46' title="bbox 134 4180 1208 4262; baseline -0.013 -14"><span class='ocrx_word' id='word_1_392' title='bbox 134 4197 190 4262; x_wconf 86' lang='lat' dir='ltr'><strong>qub</strong></span> <span class='ocrx_word' id='word_1_393' title='bbox 207 4209 250 4248; x_wconf 85' lang='lat' dir='ltr'><strong>me</strong></span> <span class='ocrx_word' id='word_1_394' title='bbox 272 4207 381 4248; x_wconf 81' lang='lat' dir='ltr'><strong>vacuum</strong></span> <span class='ocrx_word' id='word_1_395' title='bbox 403 4207 490 4248; x_wconf 82' lang='lat' dir='ltr'><strong>amore</strong></span> <span class='ocrx_word' id='word_1_396' title='bbox 512 4190 615 4244; x_wconf 85' lang='lat' dir='ltr'><strong>efficere</strong></span> <span class='ocrx_word' id='word_1_397' title='bbox 635 4196 663 4242; x_wconf 86' lang='lat' dir='ltr'><strong>et</strong></span> <span class='ocrx_word' id='word_1_398' title='bbox 698 4185 813 4252; x_wconf 80' lang='lat' dir='ltr'><strong>juratio</strong></span> <span class='ocrx_word' id='word_1_399' title='bbox 824 4183 911 4236; x_wconf 88' lang='lat' dir='ltr'><strong>media</strong></span> <span class='ocrx_word' id='word_1_400' title='bbox 921 4197 1014 4236; x_wconf 85' lang='lat' dir='ltr'><strong>acmen</strong></span> <span class='ocrx_word' id='word_1_401' title='bbox 1024 4180 1188 4236; x_wconf 71' lang='lat' dir='ltr'><strong>boberella-⁹</strong></span> <span class='ocrx_word' id='word_1_402' title='bbox 1205 4228 1208 4234; x_wconf 93' lang='lat'>.</span> 
     </span>
    </p>
   </div>
   <div class='ocr_carea' id='block_1_11' title="bbox 0 0 1448 4768">
    <p class='ocr_par' dir='ltr' id='par_1_13' title="bbox 0 0 1448 4768">
     <span class='ocr_line' id='line_1_47' title="bbox 0 0 1448 4768; baseline 0 0"><span class='ocrx_word' id='word_1_403' title='bbox 0 0 1448 4768; x_wconf 95' lang='lat' dir='ltr'><strong> </strong></span> 
     </span>
    </p>
   </div>
  </div>
 </body>
</html>
