2920 4770
592 390 797 438 remunero.
1102 423 1105 436 .
1218 379 1240 442 5

140 547 202 612 qne
216 547 277 594 ore
290 527 367 614 ejus
381 529 570 616 deturpata,
584 535 711 596 tautam
723 531 959 598 deformitatem
967 534 1121 613 intulerit,
1135 543 1173 600 ut
1184 537 1238 602 sui

139 629 236 714 plane
259 630 436 696 dissimilis
459 632 632 698 vocandus
657 633 702 698 sit
726 632 935 716 Propertius.
989 633 1128 702 Constat
1148 639 1238 703 enim
1277 707 1281 718 ,

22 704 23 778 ἶ
138 731 222 796 inter
236 751 363 812 omnes,
373 739 505 819 quanta
523 732 670 799 andacia
683 733 829 816 Scaliger
841 755 918 799 cum
933 737 968 800 in
981 737 1068 802 alios
1082 744 1237 806 auctores

138 839 278 910 veteres,
290 839 364 898 tum
378 835 414 899 in
433 833 639 920 Propertium
647 855 793 920 quoqne,
802 845 920 902 contra
928 837 986 922 jus
996 839 1117 924 fasque
1128 859 1236 920 omne,

137 939 311 1015 grassatus
325 934 436 1014 tirerit,
451 943 487 1001 et
499 942 704 1020 quantopere
717 937 850 1020 ingenio
863 938 1040 1022 velpotins
1051 943 1237 1008 morositati

137 1054 218 1112 suae,
230 1034 268 1100 in
294 1037 554 1122 transponendis
577 1039 658 1104 totis
670 1039 832 1117 distichis,
847 1045 881 1104 et
905 1059 971 1105 non
986 1041 1094 1114 solnm
1109 1062 1153 1106 ex
1169 1062 1236 1108 una

135 1135 242 1219 elegia
256 1137 290 1202 iu
306 1136 455 1217 alteram
468 1139 529 1226 sed
543 1147 580 1204 et
601 1159 647 1206 ex
668 1140 752 1206 llbru
765 1159 832 1206 uno
853 1141 888 1205 in
907 1141 1048 1207 alterum
1067 1142 1234 1228 trajicien-

135 1239 200 1318 dis,
216 1242 399 1308 indulserit.
443 1243 486 1308 In
496 1263 564 1327 quo
573 1262 668 1328 saepe
677 1243 790 1309 mirari
804 1245 906 1310 subiit
916 1246 1062 1310 nmmum
1074 1247 1233 1327 bominis,

136 1343 193 1425 qai
207 1344 277 1408 sibi
299 1342 383 1408 adeo
408 1343 622 1428 gratularetur
638 1346 673 1409 iu
687 1345 752 1410 boc
774 1344 902 1411 nefario
923 1348 1057 1426 scelere,
1071 1333 1105 1414 et
1126 1348 1160 1413 in
1173 1349 1234 1416 de·

134 1444 316 1528 scriptores
326 1445 484 1512 librorum
497 1451 643 1512 veterum
653 1447 1000 1513 acerbissimisverbis
1014 1447 1232 1516 inveberetur.

135 1543 193 1610 Sic
205 1546 294 1610 euim
308 1548 343 1612 in
365 1549 532 1632 prooemio
554 1547 729 1631 Castigatt
746 1550 780 1613 in
791 1549 892 1633 Prop.
915 1553 926 1583 ‘
942 1547 1159 1629 Quianam:
1182 1553 1232 1616 in·

136 1646 218 1730 qait,
243 1647 353 1713 ‘illud
368 1649 552 1734 [exemplar
572 1648 751 1733 Propertii]
765 1650 942 1734 descripsit
954 1651 1093 1734 primm,
1107 1671 1159 1716 nte
1174 1653 1232 1718 ille

134 1748 248 1814 audax
279 1755 338 1815 aut
366 1750 535 1834 negligens
565 1748 666 1814 homo
690 1748 773 1816 fuit:
802 1769 890 1829 nanu,
919 1757 1038 1835 praeter
1062 1752 1232 1820 mnumera

134 1850 265 1930 menda,
281 1851 403 1935 quibus
417 1855 522 1916 totum
533 1850 655 1914 librum
668 1851 942 1933 praestantissimi
953 1850 1063 1936 poiitoe
1076 1856 1229 1937 aspersit,

133 1953 244 2034 magni
259 1951 398 2016 sceleris
413 1971 451 2016 se
468 1951 638 2033 obligarit,
659 1969 737 2014 cum
749 1950 785 2015 in
800 1951 949 2016 meando
975 1960 1011 2017 et
1031 1953 1130 2018 tertio
1144 1955 1230 2021 libro

134 2053 279 2136 integrus
301 2053 441 2137 paginas
462 2061 495 2118 et
517 2071 673 2150 magnnm
693 2070 865 2118 numerum
885 2073 1041 2120 versuum
1066 2073 1129 2119 suo
1152 2055 1230 2122 loco

132 2153 308 2233 luxaverit,
323 2162 360 2220 et
373 2155 510 2222 infinitis
522 2154 608 2220 locis
622 2173 761 2237 magnas
776 2157 934 2220 tenebras
948 2155 1118 2224 offuderit:
1140 2156 1229 2224 adeo

133 2264 169 2322 at
191 2259 359 2323 neminem
376 2277 452 2322 esse
466 2265 578 2341 putem
597 2255 716 2342 (libere
739 2257 829 2321 enim
844 2256 931 2340 quod
954 2257 1062 2321 sentio
1082 2257 1229 2337 fatebor)

131 2359 188 2440 qui
204 2359 292 2424 bunc
305 2358 441 2442 poetam
457 2359 491 2424 in
513 2357 662 2424 secundo
676 2357 761 2423 libro
775 2359 841 2424 nisi
857 2378 917 2442 per
938 2358 1125 2440 caliginem,
1139 2359 1228 2442 quod

131 2459 267 2539 dicitur,
282 2461 455 2542 intelliget
499 2459 576 2524 Nos
583 2459 682 2543 primi
697 2479 771 2524 eam
782 2460 1061 2544 perturbationem
1075 2479 1228 2526 versuum

130 2561 263 2627 odorati
278 2581 412 2628 sumus:
435 2568 470 2626 et
482 2561 566 2626 bene
574 2562 672 2627 nobis
684 2563 846 2628 successit
856 2563 951 2628 labor
960 2560 1044 2626 iste!
1067 2561 1228 2628 Similiter

130 2665 172 2730 ad
189 2683 228 2729 rr.
251 2665 302 2730 El.
316 2666 370 2730 aa.
407 2661 655 2732 ‘Pulcherrima
679 2663 779 2748 hujus
800 2664 915 2748 potitae
937 2663 1042 2746 elegia
1061 2666 1178 2730 mirum
1193 2665 1227 2730 in

130 2775 215 2851 quot
233 2767 382 2830 membra
397 2765 559 2831 distracta
571 2767 625 2844 sit,
639 2773 675 2833 ut
689 2767 787 2830 mirer
801 2765 881 2850 quid
896 2765 929 2829 in
944 2771 1084 2831 mentem
1098 2768 1227 2832 venerit

129 2868 203 2932 istis
216 2863 473 2956 βιβλιοστςὲβλαις
488 2866 546 2950 qui
568 2887 633 2932 uon
647 2868 743 2951 prins
765 2874 909 2933 mentem
924 2865 1040 2932 Peiitae
1056 2867 1226 2948 diligenter

129 2969 381 3053 perpenderent,
400 2989 502 3054 quarn
517 2969 590 3036 nee
610 2971 659 3035 ita
672 2972 714 3035 de
739 2971 809 3034 suis
824 2969 959 3033 sedibus
972 2967 1096 3052 injuste
1113 2967 1225 3032 detur-

129 3071 266 3136 barent!
310 3071 496 3149 Ambobus,
517 3071 606 3156 quod
631 3072 734 3150 aiunt,
755 3072 922 3154 largimur,
945 3070 1096 3154 potuisse
1118 3075 1224 3132 totam

128 3173 275 3256 aliquam
303 3173 461 3257 paginam
486 3174 521 3237 in
556 3173 653 3238 codd.
679 3172 825 3256 antiquis
861 3169 1042 3254 transponi,
1066 3169 1224 3253 illiusque

127 3275 333 3339 restitutione
348 3275 520 3358 scriptoris
535 3274 712 3356 integritati
724 3273 864 3350 consuli,
878 3271 967 3357 quod
981 3272 1016 3335 in
1037 3269 1186 3336 Lucieno
1202 3289 1224 3334 a

128 3373 278 3442 Gesnero
301 3375 426 3440 iactum
442 3381 595 3456 constet;
617 3380 652 3441 at
666 3375 765 3452 enim,
780 3381 818 3439 ut
834 3373 996 3460 ejusmodi
1010 3371 1224 3456 trajeetiouer

126 3495 331 3559 concoquas,
344 3475 460 3560 quales
475 3477 627 3560 Scaliger
639 3477 798 3560 suscepit,
812 3482 846 3541 et
859 3477 891 3540 in
906 3476 1028 3559 quibus
1047 3475 1116 3538 ima
1134 3493 1223 3539 sum·

126 3578 201 3654 ruis,
216 3578 383 3660 quadrata
400 3578 549 3643 rotundis
564 3579 751 3655 miscentur,
773 3577 939 3661 Spartane
951 3576 1050 3659 plane
1067 3595 1156 3659 opus
1170 3581 1224 3641 est

126 3680 311 3744 stomacho.
355 3679 422 3744 Sed
451 3681 506 3746 hio
536 3699 636 3764 porro
665 3687 719 3744 est
744 3679 834 3763 quod
853 3679 1028 3754 miremur,
1052 3677 1221 3760 quomedo

125 3780 369 3859 Broukbusius,
383 3781 442 3865 qui
464 3802 582 3847 omues
604 3781 772 3866 Propertii
784 3779 934 3846 Veneres
954 3779 1137 3855 imbiberat,
1151 3795 1221 3842 om-

122 3901 245 3966 nesque
264 3883 432 3947 literarum
451 3883 688 3964 elegantiorem
704 3880 883 3950 munditias
895 3878 984 3945 baud
1000 3879 1221 3962 perfunctorie

122 3982 237 4048 doctus
263 3992 350 4060 erat,
380 3983 563 4067 Scaligero,
592 3983 735 4067 politicae
766 3981 955 4049 venustatis
992 3998 1091 4044 sensu
1121 3982 1220 4064 plane

122 4087 295 4164 destituto,
311 4087 343 4149 in
358 4087 511 4151 omnibus
530 4086 583 4150 bis
601 4083 853 4150 contusionibus
869 4099 1028 4146 assensus
1050 4081 1101 4145 sui
1121 4085 1220 4165 quasi

120 4189 288 4254 caleulum
300 4187 446 4274 adjicere
459 4189 614 4276 potuerit,
625 4192 663 4252 ut
673 4188 723 4252 ita
734 4205 776 4252 eo
791 4185 897 4269 magis
904 4182 1005 4249 incus
1016 4181 1108 4248 tieret
1117 4184 1220 4251 lectu·
1314 4253 1316 4263 ,
