2920 4770
213 314 257 380 68
318 370 323 375 .
516 315 750 380 ιιιετιιιοιιιιι
776 329 821 378 ar
844 327 999 378 ιιιιιιοιιι

257 474 288 542 0
304 475 333 540 si
347 479 428 559 post
441 475 569 540 cineres
583 479 617 540 el
630 493 683 538 me
698 491 834 558 quoque
845 473 953 558 jactet
966 472 1137 538 alumnum

261 607 270 614 ·
301 575 443 642 Umbria
456 574 660 641 carminibus
674 592 742 639 non
755 574 912 638 inhonora
925 572 1026 637 meis!

258 675 397 744 Umbria
410 677 582 742 Pieridum
596 677 732 755 cultrix,
747 675 857 761 petria
869 675 939 740 alta
952 672 1113 758 Properti,

300 779 388 858 Qum
402 797 456 842 me
470 798 535 843 non
548 779 666 843 humili
680 778 824 849 candida
837 782 951 843 monte
968 777 1055 853 tulit,

256 877 359 962 Vigia
373 897 475 961 quem
490 877 609 960 gelidis
623 876 779 961 placidus
794 875 995 942 circumfluit
1005 873 1118 950 undis,

301 977 345 1043 Et
356 977 430 1046 Nar
443 978 631 1061 sulphureis
645 978 791 1043 lontibus
805 995 909 1060 usque
925 977 1048 1040 calens.

379 1148 500 1214 Petrus
515 1149 664 1214 Crinitus
679 1147 721 1212 de
735 1146 855 1212 Poetis
871 1145 1003 1211 Latinis
1020 1144 1143 1211 inste.

256 1283 336 1350 Sex.
351 1280 510 1348 Aurelius
535 1282 732 1398 Propertius
745 1301 790 1346 ex
805 1281 968 1345 Mevania
992 1278 1120 1362 oppido
1135 1280 1308 1358 oriundos,
1436 1293 1438 1296 ·

213 1385 330 1469 quod'
320 1403 355 1448 ιιι
370 1384 511 1449 Umbria
523 1389 583 1461 est,
604 1391 643 1447 ut
664 1383 743 1466 ipse
767 1380 894 1446 Auctor
914 1379 1053 1463 copiose
1069 1385 1219 1459 testatur,
1241 1400 1309 1464 quo

212 1485 292 1552 loco
308 1483 482 1549 Umbriam
498 1483 643 1549 Romani
657 1469 855 1547 Callimachi
868 1471 1010 1563 patriam
1025 1487 1136 1546 vocat:

258 1584 307 1653 Ut
319 1587 441 1651 nostris
456 1586 638 1651 tumefacta
652 1585 820 1667 superbiat
834 1579 976 1646 Umbria
989 1581 1096 1661 libris,

299 1685 442 1753 Umbria
456 1685 600 1751 Romani
613 1686 722 1770 putria
737 1683 945 1750 Callimachi.

215 1787 457 1854 Callimachum
471 1785 869 1871 praecipue'Gyrenaeum,
886 1784 1131 1861 Mimnermum‚
1150 1789 1184 1848 et
1197 1783 1311 1851 Phile-

214 1897 295 1966 tam,
317 1887 466 1954 Graecos
482 1888 616 1973 poetas,
637 1889 673 1952 in
688 1888 834 1953 carmine
848 1894 980 1950 secutus
995 1890 1056 1963 est,
1079 1900 1219 1968 quorum
1234 1885 1310 1953 Ma-

214 1992 313 2056 nibus
325 1993 482 2055 comitem
501 2010 539 2056 se
552 1990 741 2074 profitetur.
784 1988 887 2066 Nam,
900 1996 938 2052 ut
951 1987 1003 2051 illi
1017 1987 1109 2070 apud
1123 1985 1262 2053 Graecos
1275 1990 1311 2053 in

215 2093 321 2175 elegia
335 2111 504 2158 consensu
519 2093 666 2156 omnium
679 2092 778 2173 longe
793 2090 1036 2174 praestiterunt:
1052 2090 1103 2153 ita
1113 2087 1311 2173 Propertius

214 2192 306 2275 apud
322 2191 464 2257 Latinos
480 2211 593 2257 eorum
607 2192 790 2258 imitatione
805 2191 930 2274 primus
951 2189 1082 2254 videtur
1104 2189 1311 2272 quorundam

210 2292 341 2377 judicio
362 2299 573 2358 consecutus.
1226 2329 1228 2332 -

236 2478 344 2544 Lilios
360 2479 540 2564 Gregorius
551 2480 734 2581 Gyraldus‚
749 2479 882 2564 Dialog.
897 2479 929 2542 l.
945 2477 987 2542 de
1004 2476 1135 2543 Hister.
1152 2476 1287 2580 Petitur.

259 2611 341 2676 Sere
367 2609 524 2676 Aurelius
554 2613 749 2696 Propertius
778 2610 904 2677 Umber
928 2630 972 2675 ex
999 2612 1158 2677 Mevania
1181 2611 1310 2696 oppido

214 2713 320 2778 luisse
333 2711 465 2789 dicitru,
487 2715 544 2780 vel
557 2715 674 2797 potius
689 2735 734 2779 er
748 2712 884 2776 Assisia
901 2713 955 2777 vel
970 2712 1113 2790 Essisia,
1135 2719 1311 2798 utrumque

217 2815 304 2878 enim
318 2814 454 2878 memini
468 2834 522 2878 me
535 2815 648 2897 legere
663 2817 699 2880 in
718 2814 850 2880 Graecis
873 2819 906 2879 et
921 2813 1050 2878 Latinis
1075 2813 1310 2897 scriptoribus:

216 2933 318 2999 quam
333 2914 498 2979 civitatem
514 2915 618 2980 Anim
641 2917 695 2982 vel
718 2915 833 2982 Aesim
855 2917 970 3000 potius
985 2915 1059 2997 ipse
1073 2913 1182 2979 Poeta
1195 2916 1311 2998 appel·

216 3013 273 3092 lat,
289 3033 359 3098 qua
373 3013 416 3078 de
429 3034 463 3078 re
478 3016 626 3080 nonnihil
642 3016 693 3082 Fl.
708 3016 859 3083 Blondus
874 3016 999 3099 aliique
1014 3015 1076 3080 viri
1091 3015 1192 3080 docti
1225 3013 1310 3097 Eius

217 3113 335 3180 Poe'tae
350 3133 467 3182 versus
480 3119 579 3182 vohis
594 3137 638 3182 ex
654 3125 772 3202 quarto
786 3119 871 3184 libro
895 3119 1057 3195 recitabo,
1079 3124 1118 3182 ut
1132 3117 1229 3199 plane
1241 3135 1311 3182 rem

216 3215 512 3300 percipiensque
536 3218 613 3283 loco
638 3220 754 3299 vitam,
784 3220 938 3302 patriam,
961 3219 1190 3304 fortunamque
1213 3237 1310 3328 suam

217 3316 281 3381 rub
297 3315 386 3380 Hori
400 3317 631 3384 mathematici
645 3338 789 3404 persona
801 3324 966 3386 recenset:

304 3415 444 3482 Umbria
458 3426 492 3483 te
507 3423 596 3485 notis
609 3423 746 3505 antiqua
759 3423 937 3505 penatibus
953 3423 1032 3486 edit.

349 3517 506 3597 Mentior,
528 3540 572 3587 an
584 3523 704 3607 patriae
717 3524 863 3606 tangitur
878 3543 939 3589 ora
952 3526 1041 3589 tuael

303 3618 381 3698 Qua
395 3621 558 3686 nebulosa
571 3642 656 3689 cavo
669 3630 758 3688 rorat
771 3623 930 3689 Mevania
944 3643 1077 3708 campo,

346 3721 391 3786 Et
406 3740 502 3786 sacer
515 3725 641 3789 mstivis
653 3725 778 3809 intepet
790 3727 930 3809 hymber
943 3726 1051 3809 aquis.

304 3822 567 3906 Scandentisque
584 3823 684 3890 Assis
698 3829 873 3909 consurgit
885 3827 1009 3890 vertice
1021 3842 1144 3901 murus,

346 3923 464 3990 Murus
478 3925 521 3988 ab
535 3927 665 4007 ingenio
680 3927 788 3991 notior
799 3926 854 3990 ille
865 3931 934 3991 tuo.

218 4023 353 4088 Videtis
373 4032 410 4090 ut
432 4026 532 4109 plano
544 4031 546 4038 ’
558 4025 681 4091 Assem
702 4026 850 4111 patriam
869 4045 964 4092 suam
988 4025 1103 4104 faciat,
1124 4031 1159 4090 et
1179 4042 1311 4090 sacrum

216 4124 396 4207 hymbrae,
420 4145 550 4192 amnem
577 4129 628 4193 sio
650 4129 757 4194 adhuc
790 4129 993 4206 abincolls,
1015 4125 1135 4211 paucis
1157 4125 1311 4202 immuta·
1364 4133 1367 4142 '
