2914 4764
511 315 581 363 mu.
605 315 628 361 ι.
654 315 760 364 suec.
782 299 835 365 15.

128 455 318 542 Hypsipyle
331 457 444 524 nullos
459 463 540 542 post
553 458 629 522 illos
644 458 747 522 sensit
762 477 905 537 amores,

166 558 214 623 Ut
226 557 335 622 semel
350 556 531 623 Haemonio
545 560 651 624 tabuit
665 560 823 642 hospitio.

20 647 21 704 ἶ
127 659 280 744 Coujugis
295 659 433 724 Euadne
448 661 589 725 miseros
605 661 694 725 eluta
707 681 766 745 per
778 663 872 744 ignes

165 760 311 840 Occidit,
326 759 461 844 Argivae
477 762 568 827 iarun
580 762 766 846 pudicitiae.

20 959 21 970 ¹
123 941 180 990 siios
196 954 290 990 moror
305 945 404 1004 experto
422 945 467 1003 ert,
484 946 605 1005 postquam
620 943 690 990 remei
710 941 861 992 Hoemoniom
877 943 991 1007 hospitem
1006 944 1124 995 smissnm
1139 949 1218 998 dotem

20 1028 21 1049 r
122 1004 242 1068 ingenuit
276 1005 384 1068 Eoodne,
394 1007 463 1056 drcsr
472 1011 496 1054 et
504 1007 584 1068 glorio
595 1007 694 1068 Arpiooe
704 1008 832 1070 castitatis,
840 1009 946 1058 mindo
953 1024 997 1073 per
1007 1009 1125 1072 infelicem
1134 1013 1217 1062 mariti

580 1148 761 1169 W?

20 1238 21 1272 ³
121 1248 411 1300 ‘Portittuemendssse
422 1251 456 1301 G.
468 1251 843 1302 FebriciomnotsrerstFrut.
872 1252 922 1302 nod
932 1252 1010 1302 miror
1019 1251 1127 1303 Heinsio
1137 1254 1216 1305 etism

107 1311 253 1374 -piscnisse
289 1315 361 1363 Notio
379 1315 488 1366 Mentei.
504 1323 578 1365 certe
594 1317 667 1380 cujus
686 1329 761 1365 sures
775 1331 859 1365 nouo
879 1317 975 1366 endeut
988 1317 1063 1366 nultos
1078 1323 1130 1380 port
1144 1319 1217 1370 runt

121 1376 196 1426 credo
206 1378 334 1441 rcriptum
346 1376 424 1428 fuisse
433 1385 487 1441 port
504 1381 577 1441 r'ttom,
591 1388 617 1429 et
633 1379 778 1443 corrigend.
794 1387 847 1441 post
865 1380 943 1438 diens,
960 1380 1097 1432 AEsonideu
1114 1397 1217 1446 nempe,

20 1473 21 1482 .
119 1454 161 1489 seu
172 1441 310 1502 jasonem,
321 1442 446 1504 hospitem
459 1443 629 1492 Hemouium.
651 1445 691 1493 Ex
703 1445 751 1492 isto
761 1443 891 1492 scribendi
902 1458 981 1506 more,
993 1459 1045 1509 quo
1056 1449 1217 1496 sccusotiros

20 1519 21 1522 ¹
117 1503 142 1551 in
152 1519 200 1564 sur,
211 1505 239 1553 in
251 1507 327 1556 codd.
341 1507 406 1556 hirs.
419 1507 569 1570 pierumque
582 1521 628 1569 per
638 1523 676 1556 orn
687 1507 839 1572 exerebant,
854 1507 969 1570 piurimis
986 1509 1117 1558 erroribus
1128 1510 1217 1560 detur·

118 1574 181 1680 2¹¹⁸
189 1568 270 1619 fuisse
280 1571 407 1620 Veterum
418 1571 485 1632 locs,
495 1571 593 1634 sliquot
603 1572 847 1684 exemptisgrobsri
858 1569 889 1619 sd
900 1573 930 1620 Τ.
940 1586 959 1621 ι.
972 1571 1052 1622 Anu.
1064 1575 1120 1624 Let.
1133 1574 1216 1637 phil

144 1646 206 1708 urse.
234 1633 294 1682 Post
308 1633 349 1709 iiio
370 1635 450 1684 soluit
466 1636 545 1710 priam
558 1635 717 1748 (ἠγ-21(
756 1634 883 1696 agitabam
902 1636 1038 1712 aliqnando
1056 1651 1103 1701 pro
1119 1637 1216 1688 miserm

119 1709 207 1759 repom
219 1711 297 1760 posse
311 1702 394 1747 surdos
409 1713 427 1747 s
440 1703 536 1748 mixtos.
559 1700 592 1748 Se
627 1706 698 1748 muto
708 1707 831 1762 mentem,
842 1707 978 1762 postquem
990 1700 1064 1750 rideo
1075 1700 1168 1750 Herus.
1178 1703 1213 1752 N.

119 1760 150 1808 sd
160 1760 269 1811 velhrr.
282 1765 323 1810 87.
340 1763 383 1826 [ιι.
396 1761 464 1810 Adv.
476 1767 500 1812 6.
519 1776 544 1824 p.
555 1767 611 1814 249.
628 1770 655 1812 et
672 1764 706 1815 N.
723 1763 816 1826 Prop.]
831 1763 985 1821 correxisse.
998 1763 1077 1814 seros!
1101 1765 1215 1815 Broohh.

20 1835 21 1876 1
118 1823 234 1888 quirem
251 1826 339 1874 multis
349 1825 484 1876 defendit:
502 1827 571 1892 quod
590 1841 622 1876 ex
643 1827 757 1877 Brouirh.
774 1828 801 1876 in
817 1827 892 1878 Giitt.
911 1835 939 1878 et
957 1827 1036 1891 Vuip.
1047 1827 1131 1878 duxit.
1162 1831 1215 1880 Sed

117 1887 210 1937 ssim
220 1889 245 1938 h.
256 1890 274 1939 i.
286 1889 353 1939 bene
363 1891 431 1940 tueri
447 1890 578 1953 Heynium
594 1892 659 1941 Obs.
673 1892 700 1940 in
715 1892 812 1942 Tihnli.
829 1905 848 1940 r.
864 1895 938 1941 1189.
954 1899 1046 1942 censet
1062 1893 1152 1944 Barth.
1169 1894 1214 2007 rp'ui

118 1951 190 2002 sddit
205 1955 285 2003 deluto
300 1969 355 2004 esso
374 1955 400 2003 iu
419 1955 504 2004 Petet.
516 1959 539 2004 1.
561 1961 597 2013 et,
616 1956 731 2019 quemvis
745 1956 852 2005 notuerit
870 1956 939 2004 tuoto
957 1955 1026 2019 Guy.
1047 1965 1134 2006 temen
1152 1959 1177 2005 ni
1195 1957 1214 2007 ii

117 2016 196 2080 mgis
208 2016 313 2067 ebrium
330 2019 374 2067 iiis
388 2018 576 2081 significatione
594 2033 668 2082 quum
686 2016 806 2070 ‘efferri'
826 2021 834 2047 ⁴
849 2019 977 2069 Revocsri
994 2029 1047 2070 ret.
1058 2021 1213 2083 scripturam

116 2080 219 2139 ιίισω,
230 2096 282 2131 nou
293 2083 343 2132 siis
352 2082 385 2132 de
396 2097 482 2145 reuss,
491 2097 567 2148 quern
578 2083 640 2146 quis
649 2097 705 2133 omn
718 2089 823 2133 tuentur
833 2097 901 2132 omu.
910 2083 986 2133 codd.
994 2099 1028 2134 sc.
1042 2083 1132 2133 Leidd.
1141 2087 1213 2148 quet.

117 2143 191 2194 Voss.
202 2146 305 2196 Dorrr.
317 2147 417 2208 rnei‚·et
427 2147 519 2211 reliqui
528 2159 586 2198 cum
598 2147 688 2208 priscis
700 2147 759 2197 edd.
776 2147 860 2197 Solius
872 2147 974 2196 Heinsii
984 2148 1140 2198 auctoritate
1150 2163 1214 2198 seror

117 2209 217 2273 recepit
228 2210 342 2262 Brookh.
374 2211 446 2260 Soros
456 2209 559 2276 quidem
568 2211 640 2274 ignes
651 2209 684 2260 de
696 2211 791 2260 ultimis
803 2211 845 2260 rei
853 2211 979 2275 supremis
990 2212 1059 2274 rogis
1069 2220 1141 2262 recte
1151 2212 1213 2276 dici,

116 2271 217 2323 firmsre
229 2282 338 2338 possunt
354 2290 386 2323 es
403 2291 460 2339 qun
480 2275 567 2325 notsri
588 2274 620 2322 sd
638 2275 668 2324 Τ.
680 2275 702 2324 1.
715 2275 794 2324 Anth.
813 2276 870 2324 Lat.
889 2289 914 2338 p.
925 2279 982 2325 466.
1015 2276 1065 2327 Sed
1078 2278 1139 2326 ieet.
1152 2277 1213 2327 oiim

116 2338 185 2402 ruig.
195 2351 248 2386 non
258 2339 317 2387 ideo
329 2339 474 2390 eiimiusnd.
486 2339 643 2402 existimari,
653 2353 729 2402 quern
742 2339 864 2403 probasse
876 2341 953 2389 etism
965 2340 1068 2390 ridetur
1076 2339 1135 2391 Jsc.
1147 2343 1214 2392 Gro-

117 2401 217 2451 nor.sd
231 2402 334 2452 Herod.
352 2417 372 2452 r.
391 2403 419 2452 in
439 2401 482 2453 tin.
502 2418 527 2466 p.
544 2407 600 2452 851.
619 2413 646 2454 et
665 2403 750 2467 iieyn.
769 2403 802 2452 sd
820 2404 916 2454 'l'ihulh
936 2419 961 2467 p.
972 2408 1028 2454 tte.
1044 2418 1127 2471 neque
1145 2406 1213 2456 huuc

116 2465 271 2516 Broulthusii
288 2467 418 2516 licentiam
438 2468 464 2516 iu
483 2467 634 2531 conjecture
655 2467 794 2517 Heinsisns
809 2468 860 2532 ipsi
878 2468 998 2527 ductori,
1016 2474 1044 2518 nt
1064 2484 1133 2532 sepe
1150 2469 1213 2519 eiibi

116 2527 186 2590 iecit,
197 2531 340 2594 ingerends
351 2531 420 2580 ferre
432 2533 517 2594 potnit
534 2533 635 2580 Hemst.
656 2533 699 2594 qui
717 2534 741 2580 in
762 2533 813 2581 ruis
830 2531 984 2582 huimsdrv.
995 2547 1059 2582 seros
1073 2533 1133 2582 hinc
1144 2547 1213 2582 enro-

116 2595 221 2656 rendos,
232 2601 260 2643 et
270 2597 366 2646 mimos
375 2596 464 2644 horum
480 2596 616 2659 conjugum
627 2595 695 2656 ignes
703 2596 894 2646 resuscitandos
906 2610 963 2644 esse
980 2597 1124 2646 contendit.
1157 2596 1213 2659 Ego

116 2656 178 2708 iicet
189 2659 365 2721 miserosigner
381 2659 467 2709 studio
483 2660 639 2724 obloquendi
656 2660 732 2708 noiinr
749 2660 880 2722 dsrnusre‚
895 2673 946 2707 non
963 2667 1049 2709 temen
1060 2660 1133 2708 nimis
1144 2673 1214 2709 coru·

116 2735 201 2783 mnne,
223 2731 269 2772 sut
291 2725 470 2786 Propertienoe
489 2725 625 2773 sententie
647 2737 698 2773 nou
716 2723 798 2773 minus
818 2725 948 2786 decorum,
963 2723 1007 2772 sed
1028 2723 1141 2772 historice
1162 2725 1212 2788 ipsi

117 2788 221 2850 propios
233 2788 367 2836 sdhaerens
388 2788 479 2838 fuisset
494 2789 637 2852 epitheton,
654 2788 674 2835 ri
689 2801 736 2852 pro
751 2788 855 2849 miseros,
873 2787 981 2837 Heinsio
998 2787 1214 2853 Broukitusioque

116 2851 280 2913 poemenius,
299 2853 380 2900 mistos
399 2855 460 2901 eintu
478 2867 522 2915 prr
542 2852 608 2908 irrues
627 2852 784 2916 reposuisset
804 2851 1020 2902 Hemsterhusius.
1054 2852 1127 2902 Mitti
1145 2851 1213 2914 ignes

116 2915 189 2965 uuice
201 2916 324 2979 Cspsnco
335 2925 361 2964 ct
373 2917 487 2965 Erotium
496 2917 660 2965 conveniunt.
694 2915 754 2964 hinc
766 2917 798 2964 im
819 2917 891 2965 rimis
902 2917 1015 2978 pertinet
1023 2917 1212 2967 locusflcuecte

115 2977 146 3029 P.
157 2980 281 3055 (Jontror.
294 2994 324 3030 tt.
336 2984 375 3029 10.
388 2995 412 3044 p.
425 2985 480 3057 tuit.
497 2995 548 3045 quo
559 2982 646 3028 mictor
655 2979 723 3039 ignee
734 2981 786 3056 hic·
810 2981 909 3028 rmsbet
926 2980 1063 3056 Ruhnken.
1089 2981 1211 3030 Ceterum

115 3042 1213 3169 utititttttttttttttt{thatitt.⁰t.⁸‚“.¹t.‘:¹².⁰.ht⁸h¹tttthtttth

117 3169 1214 3299 tttttthtutttttitutum}tittitt'ttttutt’tttttthttt

116 3301 210 3350 muisto
221 3301 280 3364 ejus
292 3301 428 3364 mentione,
440 3252 497 3350 cern
505 3301 566 3350 mihi
576 3314 617 3348 me
626 3270 766 3348 viddicmse
777 3299 938 3362 suspicetur3
949 3269 1070 3364 iilumque
1080 3268 1213 3348 He’mster·

115 3361 213 3414 hosium
224 3365 328 3414 silentio
340 3365 495 3428 preteriisse
507 3364 629 3413 mirabor.
660 3361 744 3411 Video
761 3363 839 3411 etism
856 3363 887 3412 P.
900 3363 993 3412 Prone.
1013 3363 1039 3412 in
1055 3377 1100 3413 ors
1116 3362 1159 3412 iih.
1172 3363 1211 3414 sui
1259 3371 1261 3378 ⁴

117 3429 257 3492 conjecisse
269 3431 427 3480 mediocrium
437 3443 480 3492 per
490 3429 572 3490 ignes.-
588 3428 634 3476 sed
646 3426 764 3490 epitheto
780 3427 857 3476 etism
874 3427 948 3476 nimis
964 3426 1110 3477 communi!
1126 3428 1211 3480 Bm.

117 3490 219 3542 Miseros
229 3492 346 3542 defendit
356 3493 461 3542 lechin.
475 3500 503 3542 et
520 3492 566 3545 sbs
584 3499 621 3554 te,
640 3491 745 3552 Lector,
764 3491 831 3554 petit
846 3499 876 3540 ut
893 3489 1013 3542 conferes
1024 3507 1081 3558 qum
1093 3491 1211 3542 Huschk.

117 3567 197 3619 nuper
215 3557 248 3606 sd
266 3557 394 3606 Tibuiinm
411 3557 519 3608 noterit.
552 3555 624 3605 idem
636 3555 690 3604 hec
702 3555 790 3610 addit:
808 3555 880 3604 ‘Sed
897 3557 932 3618 id,
949 3557 1017 3621 quod
1037 3557 1154 3606 vitiorum
1169 3557 1213 3606 hic

117 3627 181 3682 erst,
195 3621 302 3670 criticos
319 3619 423 3670 tefetttt.
458 3619 564 3670 Evsdus
583 3620 648 3669 enim
666 3619 727 3667 eluto
744 3633 875 3684 uuuqnsrn
892 3629 942 3683 est,
959 3635 1017 3684 qnae
1033 3635 1060 3670 se
1079 3621 1163 3669 rirsru
1184 3620 1212 3669 iu

116 3685 199 3734 meriti
211 3699 302 3750 rogum
314 3685 528 3750 prrocipitsserit.
560 3684 667 3748 Repoue
681 3683 776 3732 roura:
798 3684 965 3749 Propertium
980 3685 1076 3748 nuru,
1086 3685 1123 3735 sit
1132 3683 1211 3733 Knin.

615 3825 720 3880 NOTAE

117 3939 195 4003 cepit,
214 3954 246 3988 es
258 3955 310 4006 quo
327 3940 391 3990 duos
408 3939 503 3990 liberos
519 3936 643 4002 suscepit.
683 3935 764 3987 Jsson
775 3937 807 3986 sb
817 3937 963 3998 Hemodis,
972 3949 1029 4001 qum
1041 3941 1069 3985 et
1079 3933 1213 3985 ihesssiis

117 4011 175 4066 Vid.
197 4015 248 4065 Or.
269 4017 319 4080 Ep.
339 4015 499 4080 Hypsipyles
519 4013 551 4063 sd
568 4013 643 4065 Jeso·
684 4012 792 4062 dicitur.

117 4101 182 4140 uem.
714 4091 742 4136 ut
766 4086 874 4150 Eoudnr]
891 4086 1004 4151 Cspcuei
1023 4085 1050 4136 in
1070 4085 1212 4137 bello'iire·

146 4168 178 4214 2⁰
207 4165 344 4230 Hoemono'o]
372 4166 525 4217 Hemouius
547 4165 644 4218 dicitur
683 4165 751 4216 hsuo
759 4163 832 4215 ducis
842 4171 871 4215 et
882 4163 1015 4216 bellatoris
1025 4163 1123 4230 egregii
1132 4179 1213 4224 usorg
