2920 4770
190 243 195 252 ⁵
230 273 274 340 62
538 286 770 336 rnsrrsronrs
798 285 843 338 ur
865 284 1020 336 tuorum

224 433 340 496 beret:
355 430 391 494 in
404 429 464 494 illo
479 429 556 513 plus
571 437 712 507 natnrae,
727 428 763 492 in
777 421 841 496 boc
853 427 931 510 plus
940 445 1029 491 curm
1041 431 1142 510 atque
1155 423 1331 491 industriis

227 531 332 596 luisse
347 531 545 614 perspicias.
590 527 677 608 Quae
693 548 770 593 cum
783 529 831 592 ita
844 547 881 592 se
895 527 1050 605 habeant,
1064 526 1257 610 perdifficile
1277 530 1331 591 est

227 631 403 698 decernere
417 651 458 696 ac
474 631 672 698 constituere
685 637 760 696 uter
777 628 872 694 alteri
886 633 1033 712 praestet
1078 628 1113 693 N
1116 647 1181 704 am,
1196 628 1227 696 si
1242 647 1331 710 pras·

229 733 332 815 cipue
345 734 420 798 laus
442 733 617 817 poetarum
638 732 675 796 in
697 731 882 796 imitatione
904 730 1079 794 consistit:
1101 729 1182 793 mihi
1196 727 1332 812 quidem

224 833 361 900 ridetur
369 835 524 900 Tibullus
538 833 649 900 varios
661 834 739 898 illos
751 832 941 898 fluctuantis
956 831 1055 896 animi
1069 836 1191 908 motus,
1205 831 1332 914 quibus

229 941 379 1000 amantes
394 936 514 1018 agitari
530 935 649 1014 solent,
671 934 790 998 melius
811 934 962 999 imitatus
982 952 1078 999 esse:
1101 933 1166 1012 sin,
1181 939 1218 998 ut
1232 933 1332 1018 quid-

229 1055 295 1118 que
314 1037 359 1102 ad
379 1037 540 1120 optimum
562 1035 717 1119 proxime
732 1035 876 1112 aceedit,
898 1035 945 1098 ita
961 1034 1071 1118 ipsum
1091 1051 1227 1117 quoque
1241 1035 1332 1118 opti·

228 1157 320 1202 mum
337 1138 557 1222 judicandum
587 1142 656 1215 est;
688 1136 888 1203 crediderim
917 1155 998 1200 saus
1019 1139 1175 1200 'veterum
1198 1135 1331 1200 illorum

230 1240 440 1314 Graecorum,
471 1258 512 1304 ac
541 1239 714 1320 praecipue
748 1236 960 1316 Callimachi,
998 1235 1210 1320 Propertium
1239 1237 1331 1302 band

228 1341 333 1426 paulo
349 1341 541 1404 similiorem
563 1338 690 1418 fuisse3
712 1356 780 1422 qua
799 1338 897 1401 etiam
921 1336 1045 1402 fiducia
1063 1339 1188 1422 ipsese
1203 1337 1330 1404 Roma·

227 1463 306 1508 num
334 1439 576 1506 Callimachum
600 1457 723 1504 vocare
748 1457 851 1502 ausus
874 1444 948 1506 est„
982 1437 1061 1516 Sed,
1085 1438 1158 1503 baec
1180 1444 1218 1502 ut
1241 1445 1330 1517 sunt,

227 1561 332 1626 neque
346 1548 496 1606 nostrum
517 1547 707 1623 estusque
731 1539 927 1622 cujusquam
949 1537 1095 1602 hominis
1116 1538 1273 1622 pudentis
1285 1543 1330 1604 et

228 1642 444 1720 considerati,
460 1662 529 1727 qua
551 1642 593 1706 de
608 1660 642 1704 re
657 1640 798 1706 Veteres
811 1640 870 1716 illi,
887 1658 1028 1723 quorum
1045 1639 1109 1706 luit
1128 1646 1163 1705 et
1177 1641 1330 1706 doctrina

226 1744 336 1828 major
356 1749 390 1807 et
420 1742 586 1826 judicium
609 1740 732 1819 acrius,
757 1759 825 1804 non
848 1740 976 1824 liquere
998 1743 1263 1825 pronuntiarunt,
1285 1741 1328 1806 de

147 1855 151 1863 '
218 1865 269 1938 ‘ea
289 1845 369 1908 certi
391 1843 570 1927 quiequam
592 1843 804 1920 constituere,
827 1843 979 1908 stlitem
1001 1844 1185 1908 secundum
1209 1843 1329 1908 alteru·

226 1954 313 2013 trum
328 1945 417 2011 dare.
462 1945 575 2010 Satius
596 1945 697 2009 fuerit
717 1949 892 2028 utrumque
914 1945 1066 2010 studiose
1089 1965 1131 2010 ac
1153 1944 1329 2026 diligenter

226 2049 390 2124 evolvere,
406 2047 579 2131 utriusque
593 2047 735 2114 virtutes
749 2053 907 2111 accurate
923 2047 1138 2130 perpendere,
1153 2041 1329 2131 utrumque
1352 2069 1354 2072 ’

227 2149 292 2214 sibi
315 2149 359 2212 ad
381 2148 576 2212 imitandum
589 2167 786 2232 proponere,
802 2149 832 2212 si
845 2147 978 2231 quando
998 2148 1082 2213 forte
1104 2168 1169 2213 nos
1190 2147 1234 2212 ad
1256 2157 1328 2212 ten-

226 2249 365 2320 tandum
380 2249 483 2314 idem
507 2246 675 2333 poiiruatis
699 2267 802 2334 genus
827 2255 886 2314 aut
908 2249 1065 2314 voluntas
1090 2250 1245 2328 adducet,
1270 2255 1329 2314 aut

105 2429 109 2440 ,
227 2356 352 2416 natura
368 2352 512 2434 impetus
527 2350 621 2414 feret.

332 2531 520 2599 Gulielmus
534 2534 710 2614 Canterus,
725 2534 933 2606 Praefatione
948 2536 983 2604 in
997 2536 1219 2620 Propertium·
1301 2598 1317 2634 Ι,

221 2685 228 2716 ‹·
270 2665 380 2747 Quem
394 2668 479 2733 inter
493 2668 610 2752 potitus
624 2669 739 2735 locum
754 2669 837 2735 Sex.
860 2669 1056 2752 Propertius
1078 2674 1114 2732 et
1133 2675 1280 2732 vetemm
1295 2673 1329 2732 ot

224 2769 328 2832 nostri
341 2770 501 2852 temporis
515 2769 684 2833 bominum
694 2769 826 2852 judicio
840 2769 1002 2848 obtineat,
1016 2787 1084 2833 non
1098 2773 1159 2846 est,
1179 2787 1239 2834 cnr
1250 2770 1327 2853 plu·

203 2869 315 2934 ribus
330 2868 479 2934 doceam.
524 2868 637 2952 Atque
659 2869 701 2932 de
721 2868 784 2934 boc
805 2875 844 2934 ut
866 2872 1007 2947 constat,
1029 2869 1077 2934 ita
1094 2869 1327 2955 judicii-hujus

223 2987 330 3036 causa
344 2989 440 3054 seque
455 2974 507 3034 est
521 2969 648 3053 aperta.
694 2969 744 3034 Ut
765 2971 850 3034 enim
872 2971 908 3034 in
929 2968 1070 3052 Virgilio
1093 2969 1249 3034 carminis
1270 2969 1327 3034 be-

222 3071 319 3148 roici,
342 3071 393 3134 sio
414 3071 492 3136 huic
515 3069 642 3152 Elegiae
663 3069 887 3154 principatum
908 3089 1007 3135 nemo
1030 3089 1094 3134 uon
1118 3069 1178 3134 aut
1197 3071 1326 3149 tribuit,

224 3177 284 3237 aut
305 3172 448 3236 tribuere
463 3171 582 3236 saltem
597 3170 707 3236 debet.
751 3171 893 3248 Etenim,
916 3171 989 3235 sive
1008 3170 1171 3252 insignem
1195 3177 1230 3235 et
1252 3191 1327 3255 por·

222 3271 342 3336 iocum
364 3271 518 3338 arcete
540 3272 740 3351 doctrinam,
771 3273 842 3337 sire
863 3291 978 3336 versus
1000 3273 1107 3336 omnis
1137 3274 1326 3350 venustatis

217 3371 443 3454 >plenissimos
458 3374 530 3437 sive
544 3373 724 3438 dictionem
739 3371 952 3455 purissimam
974 3392 1014 3438 ac
1036 3373 1253 3438 tersissimam
1274 3393 1327 3438 re·

222 3471 336 3554 quires
349 3492 358 3552 ;
373 3492 460 3540 unus
474 3475 536 3538 tibi
552 3474 594 3538 de
605 3473 759 3538 omnibus
774 3471 907 3538 abunde
921 3472 1105 3538 satisfaciet
1117 3472 1324 3556 Propertius.

222 3570 343 3656 ltaque
367 3595 433 3639 non
449 3575 517 3640 levi
536 3574 580 3640 de
600 3594 717 3654 causa,
732 3595 801 3659 quo
814 3595 954 3640 nurnero
968 3576 1058 3660 apud
1075 3574 1219 3640 Graecos
1235 3583 1326 3640 esset

222 3673 457 3755 Callimachus,
480 3696 522 3742 eo
538 3678 593 3743 hic
608 3677 700 3760 apud
722 3683 855 3742 nostros
876 3683 910 3743 et
930 3677 1063 3742 habitus
1084 3676 1147 3742 suit
1161 3681 1196 3741 et
1208 3676 1325 3742 baberi

215 3778 295 3859 ipse
310 3777 427 3844 voluit.
472 3777 654 3858 Quocirca,
671 3779 728 3864 qui
741 3779 910 3844 Tibullum
921 3797 998 3843 cum
1014 3778 1080 3843 hoc
1096 3783 1153 3843 ant
1166 3776 1323 3844 Ovidium

220 3878 420 3952 contendere
448 3880 600 3958 voluerit,
622 3899 686 3946 nou
708 3881 835 3958 leviter,
858 3881 1008 3957 arbitror,
1032 3899 1171 3964 operam
1193 3880 1323 3945 luserit.

221 3977 313 4044 Nam
324 3979 476 4047 Catullus
489 3982 622 4066 quidem
636 3982 673 4048 iu
687 3981 765 4048 aliis
780 3981 945 4048 excellere
958 3981 1101 4049 ridetur.
