2920 4770
177 289 221 357 28
406 371 409 374 Ι
456 303 541 354 ser.
565 301 655 353 rur.
678 298 879 351 reornnrn
905 297 994 348 trra

179 451 254 535 ejus
268 449 415 516 seddim
429 445 611 532 profitetur,
628 445 716 531 quod
733 444 948 509 inhominem
962 439 1076 506 multis
1088 438 1185 505 aunis
1204 456 1285 503 ma-¹

175 556 283 640 joram
298 572 366 618 non
380 551 481 630 eadit,
495 551 544 616 uti
558 549 694 633 agnovit
707 565 841 632 quoqne
856 545 978 612 doctos
993 543 1122 626 Anglus
1137 539 1279 608 Crusins

180 658 217 722 in
238 655 330 721 ‘'Pba
353 655 457 719 Idves
478 651 518 718 ot'
534 649 590 716 the
616 651 749 716 Roman
770 647 890 715 Poets’
911 648 978 714 rol.
994 665 1018 710 ι.
1036 666 1071 729 p.
1085 645 1162 735 1⁰4.
1176 643 1279 708 inter·

180 763 301 844 pretet.
330 755 486 822 German.
511 753 633 818 Christ
663 750 770 816 Henr.
805 748 980 828 Schmidii,
1010 749 1070 835 qui
1099 745 1280 811 nobiscum

181 858 276 937 iacit,
292 863 327 923 et
340 843 481 926 eundem
493 855 536 922 A.
548 853 592 920 U.
602 853 642 920 C.
654 855 732 920 702.
754 849 934 936 Propertio
951 852 1102 933 assignat
1113 848 1278 924 natalem,

181 959 263 1024 lieet
278 959 378 1024 aliam
398 977 500 1023 mrem
516 958 614 1044 sequi
627 953 790 1033 videatur,
803 952 906 1018 unico
920 971 1008 1018 anno
1020 971 1042 1016 a
1054 955 1180 1029 nostra,
1201 967 1279 1032 quae

182 1059 393 1126 Varroniano
406 1065 471 1138 est,
485 1058 700 1130 differentem.

226 1161 281 1227 De
289 1160 398 1244 putria
409 1159 574 1243 Propertii
587 1177 679 1224 nova
692 1157 903 1222 subnascitur
917 1154 1108 1233 difficultas,
1117 1153 1198 1220 dum
1211 1173 1280 1218 non

184 1270 325 1347 septem,
350 1261 410 1327 md
431 1263 488 1327 vel
515 1274 636 1327 novem
661 1261 771 1337 nrbes,
797 1259 848 1324 nti
871 1279 890 1324 e
913 1258 1080 1325 Donnolae
1101 1257 1213 1324 libello
1237 1255 1281 1322 de

184 1363 301 1430 Patria
315 1360 1143 1447 Prop.eoustat,debuoiuterseeertantbonore.
1178 1358 1281 1424 Atta·

184 1481 261 1528 men
281 1465 396 1548 plures
411 1464 527 1530 harum
546 1465 677 1530 urbium
699 1469 779 1528 sunt
790 1462 845 1529 vel
859 1462 1055 1528 recentioris
1068 1460 1218 1544 originis,
1231 1461 1282 1527 ita

185 1570 222 1630 ut
236 1565 295 1630 diu
309 1572 390 1650 post
403 1567 613 1650 Propertium
633 1566 748 1649 ipsum
766 1569 858 1630 natue
876 1566 961 1646 siut3
983 1564 1038 1630 rel
1056 1565 1107 1629 ita
1125 1564 1194 1628 situ
1215 1581 1281 1627 sno

184 1665 371 1749 dispositae,
384 1673 423 1732 ut
435 1667 669 1752 descriptioni,
679 1683 780 1751 quam
793 1665 907 1754 Petita
921 1667 962 1731 de
977 1685 1039 1732 sua
1053 1663 1285 1750 suppeditavit

185 1769 307 1851 patria,
328 1769 462 1834 minime
483 1769 714 1853 respondeant,
733 1771 894 1854 adeoque,
911 1770 1063 1834 veritatis
1077 1768 1111 1833 vi
1124 1767 1283 1850 repulsae,

186 1869 230 1934 do
244 1868 405 1951 petitione
419 1887 482 1934 sua
499 1869 709 1954 Propertium
730 1871 798 1936 sibi
820 1869 1016 1936 vindicandi
1039 1869 1202 1934 decedere
1224 1887 1284 1933 co·

186 1976 318 2053 gantur.
362 1970 517 2050 Quatuor
537 1971 641 2054 igitur
658 1971 810 2056 inprimis
828 1973 928 2037 urbes
952 1977 1093 2051 restant,
1105 1989 1184 2055 qum
1198 1969 1285 2035 cele-

186 2073 266 2137 bres
293 2073 377 2139 satis
402 2092 445 2139 ae
472 2071 616 2139 disemos
640 2091 754 2139 neusse
777 2093 848 2141 suae
871 2080 1030 2158 patronos
1051 2080 1164 2138 naotee
1190 2079 1284 2150 sunt,

187 2191 396 2258 quarumque
412 2173 494 2259 jura
513 2175 588 2260 jam
606 2175 797 2242 auoumtius
811 2176 855 2242 ad
869 2195 1011 2242 muron
1025 2173 1181 2241 vocando
1195 2177 1285 2250 sunt,

187 2278 225 2338 nt
246 2282 420 2359 appareat,
443 2275 626 2343 mundum
648 2295 748 2362 quam
773 2277 905 2344 iliarum
924 2277 1091 2343 vindicias
1105 2275 1185 2342 dare
1199 2274 1285 2340 inte-

188 2375 441 2461 grnnJudreem
455 2375 585 2444 denam.
1274 2387 1276 2390 ’

230 2477 355 2544 Tribus
376 2479 413 2544 in
433 2480 521 2545 iocis
535 2477 731 2563 Propertius
745 2477 789 2546 do
803 2481 917 2565 patria
934 2499 997 2547 sua
1010 2481 1089 2566 egit
1131 2481 1163 2546 E
1176 2479 1286 2566 primo

188 2578 280 2659 loeo,
303 2599 425 2666 nempe
444 2581 522 2646 Lib.
537 2597 561 2646 r.
585 2581 637 2647 Ei.
660 2581 719 2648 ult.
742 2591 893 2669 apparet,
917 2585 1091 2651 Umbriam
1114 2584 1187 2669 ejus
1211 2601 1287 2648 esse

188 2683 344 2765 patriam.
387 2684 446 2750 Sie
460 2685 549 2750 anim
573 2685 621 2750 ait
643 2684 687 2750 ad
709 2685 861 2753 Tullum:
892 2687 957 2752 ‘Si
974 2685 1135 2752 Perusina
1149 2685 1210 2752 tibi
1224 2703 1287 2770 pa·

188 2783 263 2848 triae
276 2791 353 2850 sunt
372 2791 453 2850 notu
473 2783 614 2868 sepultus
630 2784 740 2852 Italiae
754 2786 847 2852 duris
860 2787 980 2854 funera
993 2789 1208 2874 temporibus,
1225 2836 1233 2853 .
1250 2831 1258 2848 .
1275 2833 1285 2851 .

189 2883 352 2950 Proxima
374 2886 556 2970 supposito
570 2885 766 2969 contingens
781 2887 923 2956 Umbria
937 2909 1059 2974 eampo
1082 2887 1140 2954 Me
1162 2889 1287 2972 gannit,

189 2987 285 3052 terris
297 2985 417 3052 fertilis
429 2984 615 3052 uberibus!
657 2987 777 3054 Obiter
790 2995 921 3056 tautum
943 2991 1095 3071 observo,
1109 2989 1287 3057 Perusiam

190 3090 311 3173 ipsum,
334 3107 411 3172 qum
434 3085 540 3154 Giatti
565 3088 681 3170 opinio
705 3095 768 3169 est,
792 3109 859 3156 non
878 3112 979 3176 posse
999 3093 1145 3176 patriam
1167 3091 1286 3162 Poeta

189 3187 1287 3276 baberi,nequeedeoineensumqnatuoriilarumurbiumranire,

191 3311 269 3374 qum
297 3291 340 3356 de
368 3289 481 3375 patria
505 3288 622 3356 Potitio
651 3295 760 3358 nostri
786 3295 1007 3360 contendendi
1029 3296 1176 3380 aliquam
1197 3297 1287 3381 juris

192 3391 340 3476 speeiem
364 3393 520 3459 habeant.
564 3391 655 3458 Nam
682 3393 827 3462 Perusia
848 3417 915 3462 uon
936 3399 973 3462 in
993 3395 1144 3477 Umbria,
1167 3399 1228 3464 sed
1252 3400 1288 3466 in

191 3490 326 3557 Btrmia
339 3494 404 3558 sita
417 3498 480 3558 est.

236 3591 292 3658 Ex
305 3595 409 3660 altero
427 3594 517 3674 loeo,
535 3613 584 3660 ιν.
599 3597 630 3662 1.
645 3597 699 3663 65.
721 3619 773 3685 sq.
794 3607 947 3684 apparet,
961 3601 1129 3687 Propertii
1143 3602 1287 3687 petriam

192 3696 227 3761 in
239 3695 327 3762 valle
339 3695 490 3763 Umbriae
508 3699 558 3765 ita
580 3700 683 3766 sitam
702 3700 819 3780 fuisse,
843 3707 881 3767 ut
894 3721 990 3768 eroes
1004 3706 1076 3790 ejus
1091 3703 1289 3771 scanderent

193 3801 236 3865 de
246 3802 401 3866 vallibus.
438 3801 493 3867 Ita
503 3803 591 3868 enim
606 3803 697 3870 cauit
711 3803 886 3870 Romanus
900 3805 1141 3872 Callimachus:
1164 3808 1289 3873 ‘Suan-

37 3923 47 3944 ·
193 3899 308 4068 dentelsl
321 3905 350 3968 si
365 3905 442 3989 quis
457 3908 566 3970 cernet
579 3904 621 3970 de
633 3905 779 3971 vallibus
793 3923 900 3985 arces,
918 3905 1058 3990 Ingenio
1072 3927 1184 3973 muros
1199 3908 1288 3973 aesti·

46 4045 48 4050 -
193 4005 284 4069 met·
310 4006 442 4073 amco!

238 4105 269 4172 E
286 4108 382 4174 tertio
394 4109 537 4195 denique
550 4109 697 4195 ejusdem
712 4109 932 4196 megistum
945 4129 997 4176 vs.
1009 4109 1194 4178 lut-luo.
1206 4129 1288 4194 cog-
