2914 4764
212 319 277 388 128
541 335 572 384 s,
607 335 765 386 suuuuu
791 335 990 386 ruoruuru

212 480 325 560 Quem
338 483 433 567 pueri
449 483 550 548 toties
566 500 679 546 arcum
695 481 817 545 sentire
831 481 999 559 medullis,

255 583 299 648 Et
313 584 395 648 nihil
408 586 503 650 iretae
519 603 621 668 posse
634 601 752 668 negare
768 589 850 649 tuae.

211 685 336 752 Nullus
351 707 443 752 amor
456 687 612 770 cuiquam
626 685 745 750 faciles
760 688 808 750 ite
823 687 967 770 praebuit
981 685 1065 764 ulae,

254 788 304 855 Ut
317 809 384 856 ucu
397 791 523 856 alterna
535 787 698 874 presserit
711 787 769 852 ille
784 808 896 854 mauu.

209 941 255 991 rnr'r
273 940 381 990 medullis
397 940 493 1002 satire,
508 939 613 1002 ribilpre
629 952 696 1002 poert
712 938 829 1000 deurgrrr
845 942 895 987 tra
913 938 1006 1002 puelle
1026 937 1104 988 irutoe.
1140 937 1226 987 Nullrr
1243 955 1310 990 emer

211 1019 320 1071 uuqusur
331 1007 389 1054 odeo
404 1003 487 1054 libens
502 1018 592 1068 perros
609 1004 716 1066 cuiquem
728 1002 817 1062 faciles
834 1003 953 1067 exhibuit,
969 1003 1026 1068 prsis
1037 1003 1088 1066 ipre
1097 1003 1226 1053 ademisti
1240 1020 1311 1054 rueris

666 1113 849 1136 mmm

211 1179 413 1244 cipurnresdss
440 1182 524 1232 ‘tum
535 1179 652 1245 plerique
663 1181 742 1232 codd.
767 1183 802 1231 lis
813 1181 954 1233 Eundem.
980 1181 1041 1230 Gsrrs
1054 1195 1127 1231 meus
1138 1185 1163 1229 1.
1175 1187 1203 1232 et
1214 1195 1311 1244 rupem

208 1244 245 1294 id.
262 1247 337 1295 l’err.
353 1261 377 1295 r.
392 1261 415 1296 c.
434 1253 463 1295 et
477 1246 539 1295 Vst.
557 1249 582 1295 2.
603 1246 720 1310 Lipsium
732 1255 760 1296 et
771 1246 856 1298 Geblr.
876 1247 970 1309 cupiere
987 1247 1105 1310 legentes
1116 1247 1211 1295 merito
1223 1247 1311 1308 rejicit

207 1309 324 1360 Broulub.
339 1310 468 1374 Attirgere
477 1310 634 1369 tigrrrvors.
643 1315 669 1360 8.
684 1311 820 1362 Accendere
833 1311 895 1360 Ere.
905 1311 973 1360 Suel.
986 1319 1016 1360 ut
1026 1308 1105 1360 effert
1115 1310 1194 1360 etiem
1206 1309 1308 1360 Cioiru.

208 1374 241 1422 sd
261 1375 312 1425 Or.
329 1375 446 1425 v111.M.
463 1374 528 1424 1213
545 1375 697 1425 Burin-2⁰
719 1376 900 1426 ‘Passeratius
919 1376 946 1424 ln
963 1376 1045 1426 Mem.
1060 1375 1197 1424 invenerat
1216 1379 1309 1426 sectere

205 1439 283 1488 circle
294 1453 316 1487 r.
327 1439 396 1502 qrrod
409 1437 587 1502 beorruptum
602 1437 681 1488 fuerit
690 1454 723 1488 ex
733 1455 827 1490 noscere
836 1440 923 1489 cinctu.
946 1439 1024 1504 Vulg.
1040 1439 1104 1488 sutis
1122 1439 1256 1488 commode
1268 1447 1309 1488 est

206 1503 392 1552 uecnrntsud!
408 1503 518 1553 Broulslr.
531 1503 618 1553 Bortb.
650 1505 773 1554 ‘Nosrers
792 1505 870 1554 cinola
884 1505 959 1554 Voss.
975 1507 999 1555 1.
1011 1509 1035 1552 t.
1047 1510 1075 1552 et
1089 1517 1160 1553 meus
1170 1508 1195 1552 2.
1225 1503 1307 1554 Virrio

204 1567 282 1616 subire
293 1567 332 1616 rel
342 1567 429 1618 rubim
444 1568 534 1617 Heius.
545 1567 590 1616 sed
602 1567 665 1616 nibil
677 1567 796 1617 teutuud.
808 1583 866 1618 esse
878 1575 952 1631 petet
964 1583 996 1617 ex
1008 1568 1068 1630 illis,
1079 1581 1137 1630 qure
1149 1575 1238 1617 notrts
1248 1575 1308 1618 suut

205 1632 237 1679 ed
246 1633 286 1682 ΕΙ.
296 1636 320 1682 u.
332 1633 389 1681 init.
403 1639 431 1681 et
442 1632 495 1682 rid.
508 1629 655 1681 Markland.
666 1633 698 1680 ed
712 1633 780 1681 Stet.
792 1633 862 1696 Sylr.
875 1647 901 1696 p.
913 1636 971 1681 214.
989 1632 1221 1696 Negligeutissiuue
1232 1632 1258 1680 in
1267 1632 1308 1682 ed.

205 1695 294 1744 Greer.
310 1696 402 1746 wiscolo
412 1710 478 1745 sorte
488 1694 562 1744 mee!
577 1696 730 1745 Borm-tl
743 1697 842 1746 ‘Recte
852 1697 943 1746 Dones
954 1697 982 1746 F.
993 1697 1097 1760 reponit
1108 1697 1181 1746 totis!
1192 1696 1308 1746 Broulrb.

204 1762 212 1788 ¹
228 1759 294 1807 Totir
304 1767 332 1810 et
344 1760 436 1809 Heius.
447 1760 474 1808 in
490 1765 603 1808 mentem
619 1759 691 1809 renit
710 1759 777 1811 Adr.
796 1776 822 1821 p.
837 1764 895 1810 814.
907 1768 935 1811 et
946 1775 999 1810 ree.
1011 1759 1087 1824 Volp.
1098 1759 1175 1810 (ἔδει.
1201 1759 1307 1825 Reliqui

204 1825 388 1873 omuestotr'es:
405 1823 473 1888 quod
484 1837 535 1873 nou
545 1830 601 1873 eret
611 1823 760 1888 spernend!
776 1825 865 1875 Brun
898 1825 959 1874 Vid.
979 1839 1036 1888 sup.
1055 1825 1087 1874 ed
1106 1839 1145 1874 rs.
1162 1829 1188 1874 9.
1206 1825 1307 1874 ‘lbties

203 1887 245 1936 vel
264 1889 350 1936 totiens
368 1889 393 1937 lu
411 1886 501 1952 prinuls
518 1894 546 1936 et
563 1892 627 1938 cett.
645 1887 835 1953 antiquioribus
852 1887 913 1938 edd.
931 1890 1036 1952 legitur,
1046 1896 1074 1939 et
1085 1889 1111 1938 lu
1123 1883 1217 1939 Leldd.
1234 1897 1306 1954 quet.

202 1951 278 2002 Voss.
287 1951 385 2000 Dorrr.
396 1951 470 2015 meis,
482 1951 589 2016 [Drcsd.
600 1952 638 2001 Lu
658 1953 677 2016 .]
688 1960 716 2003 et
728 1953 833 2019 reliquis
843 1967 912 2004 omn.
922 1953 1000 2003 codd.
1009 1954 1098 2004 Douss
1107 1953 1135 2003 F.
1152 1955 1218 2016 totis,
1229 1961 1258 2003 et
1268 1953 1305 2003 sle

202 2015 342 2066 Heinsius:
360 2016 427 2081 quod
440 2031 491 2066 nou
503 2016 629 2079 repudisu
651 2016 779 2068 .ridetur.
810 2017 863 2067 Sed
874 2032 958 2082 neque
975 2019 1055 2080 telier,
1065 2025 1106 2068 tot
1116 2017 1193 2068 codd.
1205 2025 1233 2068 et
1245 2016 1304 2068 edd.

203 2087 269 2131 vett.
292 2082 448 2130 surctnritste
470 2079 575 2143 fultum,
595 2080 698 2131 ridetur
717 2081 854 2132 obdiceud.
894 2082 968 2132 Dicit
986 2083 1053 2134 euim
1071 2081 1168 2146 ailquid
1188 2083 1305 2146 emplius,

201 2159 296 2206 uerupe
308 2147 430 2209 repetitis
442 2146 539 2196 riclbus
552 2145 655 2195 umere!
671 2147 758 2196 Βιπιι.
793 2147 861 2196 Totis
875 2147 942 2197 ruele
960 2146 1106 2196 exhibuisse
1122 2153 1213 2197 censet
1223 2147 1303 2197 liuiu.

200 2212 267 2257 -21
278 2211 286 2237 ‘
299 2209 368 2258 [reto
383 2226 409 2274 p.
427 2223 513 2272 rogere
526 2215 569 2259 tur
579 2209 684 2272 legebat
701 2210 791 2274 Ayuu.
808 2210 878 2276 qoud
892 2213 955 2261 setis
972 2210 1103 2261 relutstur
1113 2225 1146 2260 ex
1158 2211 1199 2259 El.
1210 2215 1250 2260 1⁰.
1262 2214 1306 2260 tt·

200 2269 253 2322 26!
267 2273 352 2322 Brrm.
385 2274 489 2324 Lecbrn.
508 2274 566 2322 rrrlt
583 2275 690 2336 iugrntae
703 2276 744 2324 vel
763 2275 931 2336 ingrate-bt
949 2275 980 2324 ln
997 2275 1087 2339 priscis
1103 2275 1163 2324 edd.
1180 2276 1303 2338 quoiquam

194 2336 288 2396 seritis.
312 2337 427 2388 Colbert.
442 2338 525 2388 cuiuis.
540 2339 664 2390 ‘Jacobs
680 2338 706 2387 lu
726 2340 775 2401 Ep.
790 2338 824 2388 sd
839 2339 896 2389 Ast.
915 2355 941 2404 p.
952 2353 1012 2390 xix.
1027 2340 1091 2402 legit
1100 2339 1190 2403 pretet
1201 2339 1303 2389 lrobem

200 2402 262 2450 setis
271 2401 420 2464 ingeniose:
437 2417 521 2466 neque
533 2401 622 2452 dubito
650 2403 694 2451 uin
712 2402 768 2452 lraec
785 2403 869 2466 imago
887 2403 980 2454 Poiitee
997 2405 1080 2454 enimc
1098 2404 1235 2453 obversetur
1248 2405 1301 2463 sit;

198 2467 529 2580 tilliituituirltt
540 2417 1221 2582 listi.l.“i'··1²tilt⁰.‘¹t.“titillatur
1230 2468 1301 2582 ‘lu

198 2594 296 2645 Dresd.
308 2595 447 2645 mendose.’
463 2547 553 2645 Burtffi.
587 2563 655 2644 ‘Mu
665 2567 755 2646 11114..
768 2549 1009 2659 iuterpretutiiruem
1022 2597 1055 2645 sb
1069 2547 1119 2646 ulio
1132 2608 1197 2645 cere
1212 2567 1300 2658 petes,

198 2673 275 2724 quem
295 2659 328 2708 sb
345 2659 466 2710 exectiss.
486 2659 604 2709 Huscblr.
617 2659 643 2708 in
662 2658 739 2709 Auel.
755 2662 822 2711 Crit.
839 2675 865 2736 p.
881 2661 930 2710 tt!
947 2661 1044 2710 heim.
1074 2660 1158 2710 ‘llree
1169 2659 1299 2722 explicuit

197 2723 363 2773 l‘esserstiue
378 2725 410 2773 de
421 2725 548 2788 Cupidine
559 2724 612 2772 uias
622 2738 690 2787 sues,
700 2740 757 2775 curu
771 2725 899 2790 propitius
915 2724 997 2789 feret,
1013 2727 1081 2774 ultre
1096 2724 1261 2788 expandente
1270 2729 1299 2774 et

197 2787 230 2835 ed
243 2795 383 2837 amatorem
394 2787 541 2847 rdrulunte,
550 2786 596 2836 sed
608 2788 709 2837 ulterur
725 2803 800 2838 meuu
818 2803 862 2838 ess
899 2799 1025 2853 rementc,
1041 2804 1061 2839 s.
1079 2787 1223 2851 inhibente,
1239 2803 1298 2838 curu

196 2852 287 2901 turdus
298 2853 380 2900 reuit.
412 2852 575 2915 Meleigitur
590 2853 633 2900 iliu
652 2853 727 2901 Voss.
744 2858 769 2902 4.
804 2854 863 2903 lude
878 2804 995 2903 Broukb.
1012 2852 1080 2917 quod
1100 2867 1149 2901 nou
1167 2852 1298 2917 displicet.

195 2915 308 2965 Prmm
326 2917 377 2965 otor
395 2930 452 2980 pro,
472 2918 615 2980 corripere,
636 2916 775 2978 adducere,
793 2917 826 2966 de
849 2917 977 2982 Cupidine
1005 2917 1102 2967 dictum
1124 2924 1206 2978 esset,
1228 2918 1297 2967 locu·

195 2980 268 3029 tione
287 2979 407 3030 desumus
429 2993 461 3030 ex
481 2995 508 3030 re
528 2981 652 3046 equestri,
672 2982 697 3030 iu
720 2997 770 3046 que
787 2982 927 3045 ‘premere
946 2980 1076 3036 hebenus:
1094 2985 1122 3030 rt
1134 2982 1142 3009 ‘
1155 2979 1297 3044 praebere?

194 3057 215 3093 s.
236 3043 386 3107 immittere,
406 3052 590 3109 opponuntur:
614 3046 652 3096 sie
673 3045 812 3110 ‘premere
833 3051 950 3096 currum’
969 3047 1019 3096 Or.
1038 3059 1068 3095 rr.
1086 3046 1124 3095 M.
1144 3049 1203 3094 135.
1225 3047 1297 3109 ‘pre-

194 3121 267 3158 rnere
278 3107 360 3158 fraeuo
373 3109 466 3160 rueuu’
486 3122 550 3162 rur.
562 3109 601 3158 M.
612 3114 653 3159 tt.
672 3109 786 3174 ‘presure
798 3110 920 3160 bubeuae'
939 3111 1072 3160 cteuutsu.
1090 3123 1121 3159 rr.
1138 3109 1163 3158 iu
1185 3111 1295 3174 Eutrop.

195 3177 250 3222 tor.
262 3179 289 3223 et
300 3173 356 3223 brec
368 3174 470 3240 quidem
481 3173 514 3223 ed
527 3173 668 3224 Pesse1·stil
679 3175 866 3236 expositionem
878 3181 985 3239 possent
994 3174 1155 3235 conducere;
1172 3175 1228 3234 sed,
1237 3175 1296 3238 quis

191 3251 297 3300 premere
306 3239 358 3287 elur
367 3253 438 3288 morsu
448 3239 533 3287 minus
541 3245 613 3287 recte
625 3239 767 3301 diceretur,
779 3240 864 3288 malim
882 3239 907 3288 iu
925 3240 1016 3288 ulterro
1032 3253 1101 3288 murro
1111 3240 1225 3302 presserit
1236 3239 1295 3288 sub-

193 3301 338 3364 intelligere
350 3309 491 3351 putatorem
504 3303 597 3364 ipsum,
606 3303 646 3352 cui
658 3316 725 3351 nuuc
735 3301 815 3366 feret,
827 3317 894 3352 nunc
903 3304 1026 3352 adversus
1037 3309 1078 3351 est
1090 3303 1202 3364 Cupido.
1236 3303 1295 3366 Vel,

192 3364 214 3412 sl
227 3365 284 3427 quis
295 3365 396 3428 ellipsin
405 3367 472 3414 hene
483 3365 598 3414 nonnihil
608 3372 736 3424 coretum,
744 3371 791 3416 et‘
802 3366 943 3430 presserit’
954 3367 986 3416 ud
995 3369 1003 3395 ‘
1012 3366 1080 3416 slus’
1091 3365 1186 3416 reterri
1198 3367 1296 3417 debers

192 3427 343 3499 contendet,
352 3437 381 3479 ut
392 3429 449 3480 ead.
459 3429 580 3495 loquendi
591 3428 674 3494 figure
685 3439 768 3480 totum
785 3431 908 3482 decurret
922 3430 1061 3496 disticbcu,
1070 3432 1194 3482 substitui
1206 3439 1296 3495 posset

190 3603 341 3670 Hyrcania,
358 3605 429 3656 unde
445 3620 488 3655 eos
499 3605 599 3671 delegit
609 3606 720 3673 Proper·
762 3609 837 3672 petiit
853 3606 1022 3659 concubitus!
1053 3607 1148 3660 libuli.
1167 3623 1188 3659 ι.
1207 3611 1232 3660 8.
1253 3613 1294 3662 ll.

190 3681 241 3732 tlus
251 3689 358 3746 propter
367 3681 492 3746 insignem
503 3683 608 3734 rabiem.
720 3680 741 3737 ⁶³¹·
761 3687 977 3740 ‘IllicJuuouem
997 3694 1101 3738 tentare
1120 3688 1220 3739 Ixionis
1236 3679 1293 3740 truisi

221 3763 254 3808 10
279 3758 384 3816 Isserroe
402 3759 495 3808 circulo
516 3758 586 3822 roto]
621 3741 904 3848 lxicuisssverssutur
915 3763 995 3814 celeri
1005 3763 1082 3814 noxis
1090 3765 1206 3815 membre
1217 3765 1293 3816 rote?

188 3834 316 3898 significet
324 3851 423 3901 poeurm
431 3845 458 3887 et
466 3837 672 3902 crucietum,qui
680 3838 718 3887 di·
792 3843 823 3888 tt
840 3839 917 3888 Pueri
924 3854 1003 3888 orcum
1012 3838 1112 3902 sentire]
1129 3840 1232 3891 ‘Puer'
1244 3856 1293 3908 per

188 3909 257 3960 citur
265 3913 290 3962 iu
302 3911 396 3964 inferis
407 3923 470 3964 rotae
479 3914 611 3964 astrictus.
625 3915 717 3979 virgil.
758 3916 957 3966 sutuucruusiurn
976 3915 1073 3965 dicitur
1092 3915 1198 3979 Cupido
1219 3919 1291 3970 Deus

188 3985 222 4035 G.
242 4000 285 4036 ιιι.
312 3990 477 4055 ‘'l'ortosquc
499 3990 598 4040 Ixionis
619 4003 717 4055 ungues
757 3991 897 4051 auroris,ut
908 3990 947 4040 El.
956 3994 980 4040 7.
993 3989 1046 4055 lruj.
1054 3989 1099 4039 lib.
1107 3995 1147 4043 15.
1163 3992 1220 4044 ‘'l’e
1229 4009 1292 4059 quo·

187 4060 380 4130 immunemque
398 4067 498 4118 rotem!
531 4068 583 4118 Ubi
602 4069 639 4118 sit
657 4069 717 4118 Ser·
757 4081 807 4130 que
819 4067 841 4115 si
852 4073 925 4116 certo
942 4079 1008 4130 puer
1026 4067 1069 4117 lrie
1080 4071 1240 4122 concusserit
1251 4087 1290 4122 ur·

188 4139 259 4188 rius:
275 4141 428 4207 ‘Reliputus
443 4143 609 4206 serpentibus
626 4143 658 4192 ed
675 4157 715 4194 ro·
756 4140 805 4191 cu!
838 4141 926 4204 Atque
937 4143 1017 4192 etium
1032 4147 1072 4194 19.
1083 4149 1109 4194 5.
1125 4143 1203 4194 ‘Non
1223 4147 1290 4200 eden

188 4221 240 4266 turn
258 4215 344 4280 Ision,
356 4217 474 4281 quonism
491 4218 595 4268 illicitos
606 4217 715 4270 Juucuis
755 4220 849 4272 leriter
860 4223 954 4274 uostris
965 4237 1031 4286 puer
1040 4223 1116 4273 bresit
1127 4225 1234 4279 ocellis.'
