2920 4770
541 307 591 356 ou
613 307 834 358 ruorunrro.
1192 293 1238 360 63

226 415 235 426 ἱ
360 450 385 515 J
388 456 483 516 ustus
498 450 649 534 Lipsius,
664 450 781 536 Autiq.
796 451 891 519 Ieot.
910 469 949 516 rr.
962 451 1016 519 10.

14 651 15 660 ¹
180 568 394 652 Propertium
424 569 484 652 qui
511 587 577 633 uon
606 574 706 647 emat,
741 589 819 635 eum
855 570 1004 653 profecto
1034 569 1145 636 Musoe
1171 589 1237 637 uon

14 675 15 692 ²
139 677 260 736 ament.
283 669 392 738 Tanta
405 671 478 755 ejus
487 690 639 736 ramnum
649 673 799 737 suavitas
814 676 877 749 est,
892 678 942 749 ut,
956 672 1237 755 quemadmodum

139 773 288 838 comicus
302 772 360 837 ille
373 773 433 850 ait,
448 773 494 836 nil
508 773 574 837 uisi
589 773 698 837 mulsa
718 772 813 856 loqui
835 762 1039 838 videautnrc·
1055 779 1148 838 tanta
1165 789 1236 838 eru-

139 873 233 952 ditio,
247 880 285 940 nt
300 873 447 939 nonnisi
462 873 595 938 Plroebo
610 872 758 939 dictante
772 872 950 938 credamus
962 880 1139 958 exceptos.

344 1017 467 1108 Daniel
484 1040 662 1119 Heinsius,
678 1040 834 1137 Dedicat.
851 1038 1051 1105 Monobibli.

181 1161 278 1226 Idem
292 1159 326 1224 in
336 1159 505 1224 nonnullis
515 1165 627 1244 noster
636 1158 693 1223 illc
705 1156 906 1224 inaffectatae
916 1157 1089 1238 aeganuae
1104 1155 1237 1222 affecta-

138 1271 189 1328 tor
209 1261 364 1328 Catullus
385 1261 556 1346 praestitit,
579 1265 611 1324 et
632 1261 668 1323 in
692 1260 801 1342 primo
821 1259 906 1323 libro
927 1259 1076 1323 maxime
1092 1258 1237 1324 Umber:

138 1363 305 1448 quumvis,
320 1364 349 1428 si
364 1382 468 1427 unam
478 1362 642 1445 »excipies
651 1405 654 1411 ·
663 1359 824 1444 Elegiam-
837 1367 905 1425 aut.
916 1358 1061 1436 alteram,
1076 1360 1187 1425 minus
1203 1362 1237 1424 in

137 1466 224 1530 hanc
247 1463 545 1540 curam-incubuit,
566 1463 753 1546 minusque,
782 1462 854 1525 sire
875 1468 967 1526 certo
992 1461 1138 1543 judicio,
1166 1465 1238 1527 sire

139 1569 224 1634 alias
236 1571 365 1631 nature
379 1583 497 1642 suasu,
518 1565 552 1628 in
573 1564 745 1648 proposito
761 1563 920 1646 persistit.
966 1561 1035 1640 Qui
1059 1565 1110 1629 vir
1124 1584 1237 1630 curem

139 1675 172 1733 et
184 1686 322 1752 operam
342 1666 468 1749 ubique
490 1665 534 1730 ad
556 1663 720 1746 Elegiem,
746 1663 806 1728 sed
830 1655 866 1729 et
887 1663 1084 1747 gravitatem
1098 1667 1238 1732 admira-

139 1765 669 1852 bilemuonnnnquamcontulit.
922 1757 927 1770 ’

353 1995 358 2006 ,
483 1932 578 1998 Idem
592 1929 733 1995 Monob.
757 1929 851 2013 Eleg.
862 1930 895 1996 6.
1026 1942 1032 1956 ·

227 2051 303 2120 Nec
317 2051 449 2130 medus,
464 2058 524 2116 snt
537 2049 655 2116 blandi
670 2068 802 2114 carmen
815 2049 954 2114 recitare
969 2049 1136 2134 Properti,

272 2152 383 2233 Quem
395 2153 483 2218 levis
495 2152 663 2236 impositis
677 2153 804 2234 pressit
818 2148 1095 2236 Amnrpedibus:

219 2257 301 2321 Sive
312 2255 411 2320 illum
425 2253 520 2319 molli
534 2253 650 2320 defixit
664 2250 810 2336 Cynthia
823 2273 953 2330 somno,

169 2411 172 2418 ,
270 2357 474 2423 Horrentem
487 2361 579 2420 notae
589 2354 701 2438 jurgia
715 2355 874 2432 saevitis:
1058 2429 1061 2436 ,

226 2457 297 2522 Seu
312 2477 389 2522 curu
401 2475 468 2522 non
481 2455 598 2520 faciles
611 2456 786 2538 impugnat
799 2457 949 2534 carmine
957 2457 1076 2522 vulvas

222 2617 230 2626 .
269 2559 403 2636 Ebrius,
419 2563 452 2622 et
466 2557 557 2623 duris
573 2556 689 2621 oscula
704 2555 761 2620 dat
775 2556 932 2637 gradibus
948 2577 956 2621 :

227 2659 388 2726 Herculis
403 2663 461 2722 ant
474 2656 585 2740 magni
600 2661 720 2739 raptos
734 2656 874 2721 deducit
888 2677 1031 2738 umores,
1116 2655 1125 2674 ⁴

271 2760 496 2844 Opprolrrium
511 2759 615 2824 castis
629 2777 693 2823 nou
708 2759 782 2822 leve
796 2757 951 2824 Naiasin.

228 2861 338 2938 Felix,
354 2862 426 2945 qui,
440 2860 556 2924 dulces
573 2879 671 2926 versu
685 2847 853 2925 mercatus
869 2879 1011 2940 amores,

271 2961 392 3026 Haerct
406 2960 442 3024 in
453 2958 594 3024 extincti
608 2959 740 3022 nomine
754 2958 973 3025 Callimachi:

230 3062 342 3140 Felix,
355 3062 388 3126 in
402 3059 509 3126 roseis
523 3079 654 3144 semper
668 3061 727 3144 qui
740 3064 893 3144 tempora
907 3061 1014 3138 sertis,

272 3164 381 3248 Inque
394 3163 571 3228 Philetaeis
586 3181 719 3247 sempor
732 3161 834 3225 habet
848 3161 952 3260 foliis.

478 3329 502 3396 J
504 3349 630 3395 oannes
647 3329 823 3394 Secundus
839 3345 862 3392 ι.
878 3329 910 3394 7.

229 3448 323 3528 Non,
338 3448 420 3532 quia
434 3446 580 3531 Virgilio
595 3448 724 3531 primos
739 3446 907 3512 concessit
919 3446 1061 3512 honores

271 3550 471 3627 Posteritas,
484 3547 601 3614 Flacci
616 3549 749 3633 sprevit
761 3549 876 3633 iniqua
889 3548 1016 3633 lyrem3

230 3651 301 3717 Aut
315 3651 400 3715 mele
414 3650 542 3734 rejecit,
558 3671 660 3734 quem
674 3651 812 3734 protulit
827 3649 981 3730 Umbria,
993 3657 1119 3726 vatem,

272 3752 356 3818 Sole
369 3754 425 3816 cui
440 3750 574 3833 longum
588 3749 734 3836 Cynthia
748 3770 880 3816 carmen
894 3757 974 3816 erat.

570 3963 575 3972 ,
599 3900 696 3967 Idem
712 3917 751 3964 ιι.
765 3901 796 3965 1.

229 4020 260 4085 Ο
277 4026 403 4086 tannim
415 4019 545 4098 faveas,
560 4018 680 4083 Umbri
694 4019 781 4094 laris
795 4018 913 4081 umbra
926 4013 1051 4098 poitie,

273 4121 419 4206 Cynthia
433 4123 463 4187 si
477 4127 592 4188 nostro
608 4139 741 4205 semper
756 4122 790 4184 in
806 4137 863 4184 ore
879 4120 985 4182 sonat.
