2920 4770
431 355 436 364 ,
491 299 563 358 reu
587 308 712 360 nsanos
736 310 911 364 prorsus.
1206 309 1249 372 dt

153 450 276 518 nolent
290 452 344 520 ,ob
366 449 545 537 Glyceram
567 454 612 519 ab
634 454 703 520 alio
724 463 935 541 praereptam,
958 460 996 538 (ι.
1011 459 1076 526 06.
1090 460 1161 548 66.)
1175 470 1249 533 tam

154 571 255 635 quam
267 554 434 626 seniorem
447 575 524 620 eum
535 555 702 633 describit,
712 558 768 622 cui
779 557 893 641 junior
907 562 1121 644 praenituerit
1143 564 1249 651 Atqui

149 653 249 728 ¹bomo
262 655 319 721 30.
342 657 398 721 rel
422 657 525 722 etiam
547 656 600 722 26.
623 675 793 736 annorum,
811 660 842 723 si
858 659 936 726 Diis
951 661 1076 745 placet,
1091 664 1175 751 (rid.
1190 669 1249 736 ‚Ti-

147 754 234 830 ,buljli
250 756 366 822 Vitam
380 756 766 842 abdyrmannodatam)
779 760 926 825 noudum
939 763 1181 850 indeorepitis,
1193 775 1251 845 aut

153 861 182 926 is
207 859 325 950 baberi
349 865 471 944 potest,
494 862 552 945 qui
569 861 759 945 juvenculae
783 862 953 929 uxorculae
978 865 1124 932 officium
1151 889 1251 940 suum

148 962 295 1044 ¹probare
309 981 376 1027 non
390 962 545 1046 amplius¹
558 963 674 1046 possit,
694 983 773 1029 cum
795 967 1103 1047 prmsertimforma
1117 976 1170 1037 sut
1183 973 1262 1044 elea

151 1069 248 1146 gauto
261 1062 419 1127 Tibullus
442 1068 543 1141 esset,
565 1064 683 1130 eodem
707 1066 852 1132 Horatio
866 1071 950 1132 teste
964 1068 988 1132 l.
1005 1088 1034 1133 o.
1049 1069 1156 1153 Epist.
1171 1073 1204 1136 4.
1218 1075 1251 1140 6.

154 1164 324 1248 imposuit
337 1167 419 1231 viris
434 1166 544 1231 doctis
557 1185 679 1232 nomen
693 1169 702 1200 ‘
715 1167 867 1252 juvenis'¹
882 1169 916 1232 in
935 1167 1089 1234 Carmine
1106 1172 1250 1242 Domitii

11 1269 12 1288 ¹
153 1265 260 1338 Marsi
282 1271 342 1334 sat·
357 1273 439 1332 uoto
461 1287 504 1332 oe
527 1270 727 1334 decantato:
750 1269 825 1334 ‘Te
841 1289 974 1354 quoque
988 1255 1131 1355 Virgilio
1146 1277 1250 1344 comi·

152 1375 220 1432 tem
243 1388 313 1434 uon
336 1388 447 1452 aequa,
476 1370 621 1447 Tibulle,
638 1370 736 1434 Mors
756 1369 915 1453 juvenem
932 1391 1069 1457 campos
1090 1377 1181 1443 misit
1204 1379 1250 1446 ad

152 1468 322 1553 Elysiost’·
344 1491 420 1536 cum
435 1491 500 1536 oon
520 1471 760 1548 meminissent,
771 1471 935 1554 juvenum
951 1494 977 1540 e.
989 1474 1161 1558 juniomm
1187 1497 1249 1562 ap·

151 1571 332 1656 pellatioue
356 1573 531 1656 insignitos
545 1573 620 1655 jam
634 1571 712 1635 inde
737 1591 759 1636 a
781 1571 888 1638 Servii
910 1574 1013 1640 Tullii
1032 1581 1251 1662 temporibus,

145 1691 295 1756 2qnornm
310 1679 393 1742 aetas
405 1693 525 1738 annum
539 1672 684 1738 nondum
697 1672 752 1738 46.
768 1693 982 1756 supergressa
996 1685 1097 1742 esset.
1140 1678 1250 1750 Simili

11 1785 12 1788 ’
150 1776 279 1840 ratione
301 1775 483 1841 Sallustius
498 1775 538 1842 G.
554 1776 721 1841 Gaesarem
737 1775 956 1842 Pontificatum
977 1779 1116 1844 maximi
1132 1782 1248 1848 caudi-

11 1933 12 1944 ,
152 1878 270 1942 datum
284 1878 339 1942 36.
353 1899 459 1944 annos
473 1885 589 1944 natum
603 1878 891 1944 adolescentulum
906 1881 1063 1945 vocavit:
1078 1881 1147 1948 vid.
1159 1883 1253 1950 Geli..

153 1977 253 2044 Noot.
280 1979 352 2045 Art
382 1997 416 2045 v.
440 1979 495 2046 28.
539 1979 671 2060 Quodsi
695 1998 774 2045 vero
797 1999 863 2062 pro
884 1986 977 2044 certo
996 1982 1101 2044 teneri
1124 1989 1254 2065 potest,
1302 1979 1306 1988 ’

152 2079 298 2146 Carmen
309 2081 435 2156 Tibulli
445 2081 589 2166 primum
604 2100 673 2145 seo.
686 2078 915 2164 Ayrmannum
929 2081 1075 2146 incidere
1089 2083 1125 2148 in
1139 2082 1184 2149 Α.
1203 2085 1248 2152 U.

150 2183 227 2249 723.
244 2201 313 2266 quo
325 2201 413 2248 anno
431 2183 582 2249 Messala
596 2183 716 2248 consol·
727 2181 810 2268 fuit3
832 2182 926 2264 quod
937 2182 1107 2249 heroicum
1121 2194 1194 2266 est3
1216 2195 1251 2254 ot

152 2285 374 2367 sequentibus
397 2287 528 2351 demum
554 2284 661 2361 aunis,
687 2301 794 2366 usque
819 2282 865 2348 ad
889 2281 936 2348 A.
950 2283 994 2348 U.
1009 2285 1086 2350 727.
1113 2285 1250 2370 Elegiae
1391 2350 1395 2357 .

152 2387 282 2468 pmim
310 2386 521 2470 compositas
545 2385 729 2450 abeodem
751 2384 869 2463 fuisse,
898 2403 918 2448 o
942 2393 1059 2451 nostra
1087 2406 1249 2454 annorum

151 2487 397 2570 eomputatiorm
410 2488 510 2553 simul
524 2485 714 2570 apparebit,
730 2505 808 2552 cnm
827 2487 997 2572 Propertii
1023 2488 1168 2572 Cynthia
1176 2491 1249 2575 jam

151 2587 197 2653 A.
213 2587 260 2653 U.
274 2588 351 2655 724.
380 2589 480 2667 edita,
504 2596 539 2654 et
557 2594 629 2654 toto
652 2588 726 2653 foro
754 2589 843 2653 lecta
861 2589 970 2666 suerit,
995 2588 1160 2656 Nostrum
1183 2611 1250 2656 non

150 2688 442 2775 ieiunamnquam
456 2692 601 2775 primum
615 2691 851 2776 sejactitasse,
872 2691 929 2773 qui
951 2689 1064 2772 Elegia
1085 2692 1129 2756 od
1152 2691 1249 2758 Grae·
1286 2755 1292 2768 .

151 2809 269 2858 uorum
284 2792 477 2875 exemplum
496 2791 680 2858 scribendis
694 2811 831 2876 operam
847 2791 983 2870 dederit,
999 2791 1111 2875 poitae
1124 2794 1249 2860 famam

146 2915 229 2961 eum
249 2895 368 2980 primis
381 2894 555 2970 affectans,
572 2893 663 2976 quod
685 2893 841 2958 Tibullus
862 2912 930 2957 non
953 2895 1074 2960 fecisse
1095 2896 1249 2977 videtur;

151 2996 335 3083 (oifleyn.
357 2994 719 3080 messalinus.)
742 2993 828 3060 unde
852 2993 995 3058 fortasm
1017 2997 1118 3062 etiam
1142 3017 1248 3081 neque

152 3099 310 3182 Augusti,
338 3117 447 3183 neque
470 3097 673 3162 Maecenatis
697 3095 846 3160 favorem
870 3095 1032 3178 captavit.
1068 3096 1120 3161 Gi.
1144 3097 1248 3181 Prop.

151 3216 208 3264 ru.
224 3201 254 3264 1.
269 3201 301 3266 3.
317 3205 350 3264 et
363 3220 439 3286 quae
454 3200 503 3264 ibi
527 3199 570 3264 ad
594 3198 665 3266 Vit.
690 3196 794 3280 Vulp.
809 3200 923 3260 notatu
940 3195 1134 3263 indicamus.
1179 3199 1249 3278 Sio,

150 3303 267 3368 ntimo
281 3301 415 3378 addam,
430 3301 488 3367 diu
504 3306 582 3366 ante
593 3299 759 3382 AEsopum
774 3297 891 3362 fabula
904 3297 947 3361 ab
962 3297 1129 3379 Hesiodo,
1144 3300 1249 3368 Stesi-

150 3402 267 3481 ehoro,
282 3408 317 3468 et
328 3403 406 3472 aliis
421 3408 593 3487 usurpata,
602 3408 739 3486 propter
753 3401 877 3484 AEsopi
888 3399 1137 3484 frequentiorem
1153 3425 1251 3471 usum

154 3503 298 3589 AEsopia
312 3505 378 3570 dici
389 3507 506 3589 uoepit.

194 3605 250 3670 lle
261 3604 418 3689 sepulcro
434 3604 610 3688 Propertii,
623 3603 944 3672 recentiorodeteoto
955 3595 1127 3686 memoria,
1139 3627 1250 3690 panea

147 3705 222 3792 jam
236 3705 432 3790 amiciendo
443 3707 604 3772 videntur.
648 3704 735 3771 Cum
756 3707 929 3788 probabile
944 3710 1001 3786 sit,
1016 3729 1092 3773 eum
1107 3710 1142 3772 in
1158 3709 1249 3785 villo,

150 3827 255 3892 quam
266 3810 407 3876 baberet
429 3809 473 3874 ab
497 3809 612 3874 urbem
636 3809 792 3892 patriam,
815 3811 984 3893 sepultum
1009 3811 1124 3886 fuisse,
1148 3810 1250 3892 plane

146 3929 219 3975 ,non
244 3910 374 3990 dubito,
399 3910 587 3996 quiaillud
615 3912 819 3994 sepulcrum,
845 3913 936 3995 qood
964 3910 1007 3974 A.
1033 3911 1130 3977 1722.
1156 3913 1249 3994 opud

151 4009 363 4094 Hispellates
389 4017 556 4095 repertum
578 4011 652 4091 fnit,
677 4031 753 4078 vere
782 4014 827 4077 sit
855 4012 1023 4094 Propertii
1049 4013 1248 4098 sepulerum.

151 4109 220 4176 Sed
235 4112 376 4194 agedom
396 4119 502 4180 totam
524 4113 725 4180 relationem
746 4113 787 4178 de
810 4113 873 4180 bac
888 4114 1074 4192 detectione
1097 4135 1255 4204 eppone.
