<?xml version="1.0" encoding="UTF-8"?>
<!DOCTYPE html PUBLIC "-//W3C//DTD XHTML 1.0 Transitional//EN"
    "http://www.w3.org/TR/xhtml1/DTD/xhtml1-transitional.dtd">
<html xmlns="http://www.w3.org/1999/xhtml" xml:lang="en" lang="en">
 <head>
  <title>
</title>
<meta http-equiv="Content-Type" content="text/html;charset=utf-8" />
  <meta name='ocr-system' content='tesseract 3.04.00' />
  <meta name='ocr-capabilities' content='ocr_page ocr_carea ocr_par ocr_line ocrx_word'/>
</head>
<body>
  <div class='ocr_page' id='page_1' title='image "./operaomniaexedi01propgoog_0168.png"; bbox 0 0 2914 4764; ppageno 0'>
   <div class='ocr_carea' id='block_1_1' title="bbox 545 310 868 374">
    <p class='ocr_par' dir='ltr' id='par_1_1' title="bbox 545 310 868 374">
     <span class='ocr_line' id='line_1_1' title="bbox 545 310 868 374; baseline 0.006 -2"><span class='ocrx_word' id='word_1_1' title='bbox 545 323 615 372; x_wconf 83' lang='lat' dir='ltr'><strong>mn.</strong></span> <span class='ocrx_word' id='word_1_2' title='bbox 640 324 663 372; x_wconf 94' lang='lat'><strong>1.</strong></span> <span class='ocrx_word' id='word_1_3' title='bbox 688 325 794 374; x_wconf 81' lang='lat' dir='ltr'><strong>nunc.</strong></span> <span class='ocrx_word' id='word_1_4' title='bbox 816 310 868 374; x_wconf 87' lang='lat' dir='ltr'><strong>lt.</strong></span> 
     </span>
    </p>
   </div>
   <div class='ocr_carea' id='block_1_2' title="bbox 160 437 1030 656">
    <p class='ocr_par' dir='ltr' id='par_1_2' title="bbox 160 437 1030 656">
     <span class='ocr_line' id='line_1_2' title="bbox 160 437 1030 551; baseline 0.007 -21"><span class='ocrx_word' id='word_1_5' title='bbox 160 463 243 544; x_wconf 79' lang='lat' dir='ltr'><strong>Quae</strong></span> <span class='ocrx_word' id='word_1_6' title='bbox 258 466 341 532; x_wconf 91' lang='lat' dir='ltr'><strong>mibi</strong></span> <span class='ocrx_word' id='word_1_7' title='bbox 356 467 435 531; x_wconf 90' lang='lat' dir='ltr'><strong>dum</strong></span> <span class='ocrx_word' id='word_1_8' title='bbox 449 469 584 551; x_wconf 85' lang='lat' dir='ltr'><strong>plscntn</strong></span> <span class='ocrx_word' id='word_1_9' title='bbox 598 468 714 546; x_wconf 84' lang='lat' dir='ltr'><strong>oderit,</strong></span> <span class='ocrx_word' id='word_1_10' title='bbox 729 489 796 533; x_wconf 92' lang='lat' dir='ltr'><strong>nou</strong></span> <span class='ocrx_word' id='word_1_11' title='bbox 810 471 880 535; x_wconf 83' lang='lat' dir='ltr'><strong>ulla</strong></span> <span class='ocrx_word' id='word_1_12' title='bbox 892 437 1030 536; x_wconf 71' lang='lat' dir='ltr'><strong>rcrebor</strong></span> 
     </span>
     <span class='ocr_line' id='line_1_3' title="bbox 198 567 908 656; baseline 0.006 -24"><span class='ocrx_word' id='word_1_13' title='bbox 198 567 331 650; x_wconf 81' lang='lat' dir='ltr'><strong>Regna,</strong></span> <span class='ocrx_word' id='word_1_14' title='bbox 344 589 406 634; x_wconf 87' lang='lat' dir='ltr'><strong>noc</strong></span> <span class='ocrx_word' id='word_1_15' title='bbox 420 567 558 635; x_wconf 85' lang='lat' dir='ltr'><strong>Alcinoi</strong></span> <span class='ocrx_word' id='word_1_16' title='bbox 574 589 709 636; x_wconf 83' lang='lat' dir='ltr'><strong>munere</strong></span> <span class='ocrx_word' id='word_1_17' title='bbox 726 571 908 656; x_wconf 84' lang='lat' dir='ltr'><strong>despicere.</strong></span> 
     </span>
    </p>
   </div>
   <div class='ocr_carea' id='block_1_3' title="bbox 151 705 1252 857">
    <p class='ocr_par' dir='ltr' id='par_1_3' title="bbox 151 705 1252 857">
     <span class='ocr_line' id='line_1_4' title="bbox 151 705 1252 857; baseline 0.007 -77"><span class='ocrx_word' id='word_1_18' title='bbox 151 731 304 857; x_wconf 58' lang='lat' dir='ltr'><strong><em>w</em></strong></span> <span class='ocrx_word' id='word_1_19' title='bbox 320 731 428 798; x_wconf 82' lang='lat' dir='ltr'><strong>isrpsrirr,</strong></span> <span class='ocrx_word' id='word_1_20' title='bbox 445 747 517 797; x_wconf 77' lang='lat' dir='ltr'><strong>sepse</strong></span> <span class='ocrx_word' id='word_1_21' title='bbox 535 733 613 784; x_wconf 88' lang='lat' dir='ltr'><strong>etism</strong></span> <span class='ocrx_word' id='word_1_22' title='bbox 633 734 730 784; x_wconf 78' lang='lat' dir='ltr'><strong>Alcinoi</strong></span> <span class='ocrx_word' id='word_1_23' title='bbox 744 749 799 798; x_wconf 84' lang='lat' dir='ltr'><strong>opes</strong></span> <span class='ocrx_word' id='word_1_24' title='bbox 814 739 958 786; x_wconf 66' lang='lat' dir='ltr'><strong>murmure</strong></span> <span class='ocrx_word' id='word_1_25' title='bbox 973 739 998 784; x_wconf 84' lang='lat' dir='ltr'><strong>ct</strong></span> <span class='ocrx_word' id='word_1_26' title='bbox 1016 705 1065 798; x_wconf 21' lang='lat' dir='ltr'><strong>pro*</strong></span> <span class='ocrx_word' id='word_1_27' title='bbox 1080 734 1154 784; x_wconf 78' lang='lat' dir='ltr'><strong>sttdo</strong></span> <span class='ocrx_word' id='word_1_28' title='bbox 1169 735 1252 788; x_wconf 72' lang='lat' dir='ltr'><strong>tatere</strong></span> 
     </span>
     <span class='ocr_line' id='line_1_5' title="bbox 273 813 322 848; baseline 0.02 -1"><span class='ocrx_word' id='word_1_29' title='bbox 273 813 322 848; x_wconf 84' lang='lat' dir='ltr'><strong>aar.</strong></span> 
     </span>
    </p>
   </div>
   <div class='ocr_carea' id='block_1_4' title="bbox 614 891 789 922">
    <p class='ocr_par' dir='ltr' id='par_1_4' title="bbox 614 891 789 922">
     <span class='ocr_line' id='line_1_6' title="bbox 614 891 789 922; baseline 0.006 -11"><span class='ocrx_word' id='word_1_30' title='bbox 614 891 789 922; x_wconf 61' lang='lat' dir='ltr'><strong>mmopme</strong></span> 
     </span>
    </p>
   </div>
   <div class='ocr_carea' id='block_1_5' title="bbox 142 971 1287 3081">
    <p class='ocr_par' dir='ltr' id='par_1_5' title="bbox 142 971 1287 3081">
     <span class='ocr_line' id='line_1_7' title="bbox 153 971 1251 1038; baseline 0.009 -18"><span class='ocrx_word' id='word_1_31' title='bbox 153 971 322 1034; x_wconf 61' lang='lat' dir='ltr'><strong>‘ntimo-</strong></span> <span class='ocrx_word' id='word_1_32' title='bbox 331 977 381 1023; x_wconf 87' lang='lat' dir='ltr'><strong>toto</strong></span> <span class='ocrx_word' id='word_1_33' title='bbox 389 973 499 1024; x_wconf 81' lang='grc' dir='ltr'><strong>ιιιιίιιιιιιι</strong></span> <span class='ocrx_word' id='word_1_34' title='bbox 511 976 687 1038; x_wconf 68' lang='lat' dir='ltr'><strong>transponitur</strong></span> <span class='ocrx_word' id='word_1_35' title='bbox 697 977 723 1025; x_wconf 93' lang='lat' dir='ltr'><strong>iu</strong></span> <span class='ocrx_word' id='word_1_36' title='bbox 734 977 845 1026; x_wconf 87' lang='lat' dir='ltr'><strong>Mentel.</strong></span> <span class='ocrx_word' id='word_1_37' title='bbox 869 976 1028 1028; x_wconf 69' lang='lat' dir='ltr'><strong>Passeratius</strong></span> <span class='ocrx_word' id='word_1_38' title='bbox 1039 991 1071 1026; x_wconf 81' lang='lat' dir='ltr'><strong>ex</strong></span> <span class='ocrx_word' id='word_1_39' title='bbox 1084 977 1179 1028; x_wconf 82' lang='lat' dir='ltr'><strong>veteris</strong></span> <span class='ocrx_word' id='word_1_40' title='bbox 1191 977 1251 1030; x_wconf 87' lang='lat' dir='ltr'><strong>cod.</strong></span> 
     </span>
     <span class='ocr_line' id='line_1_8' title="bbox 150 1037 1250 1102; baseline 0.007 -18"><span class='ocrx_word' id='word_1_41' title='bbox 150 1037 267 1100; x_wconf 74' lang='lat' dir='ltr'><strong>vestigiis</strong></span> <span class='ocrx_word' id='word_1_42' title='bbox 278 1037 384 1102; x_wconf 79' lang='lat' dir='ltr'><strong>legebat</strong></span> <span class='ocrx_word' id='word_1_43' title='bbox 396 1039 452 1087; x_wconf 85' lang='lat' dir='ltr'><strong>Huc</strong></span> <span class='ocrx_word' id='word_1_44' title='bbox 460 1040 569 1088; x_wconf 78' lang='lat' dir='ltr'><strong>miserum</strong></span> <span class='ocrx_word' id='word_1_45' title='bbox 580 1040 744 1100; x_wconf 74' lang='lat' dir='ltr'><strong>tntoisnmrm</strong></span> <span class='ocrx_word' id='word_1_46' title='bbox 753 1046 862 1089; x_wconf 72' lang='lat' dir='ltr'><strong>versute</strong></span> <span class='ocrx_word' id='word_1_47' title='bbox 872 1041 952 1102; x_wconf 79' lang='lat' dir='ltr'><strong>cubili,</strong></span> <span class='ocrx_word' id='word_1_48' title='bbox 962 1048 989 1090; x_wconf 89' lang='lat' dir='ltr'><strong>et</strong></span> <span class='ocrx_word' id='word_1_49' title='bbox 1001 1053 1017 1089; x_wconf 93' lang='lat' dir='ltr'><strong>o</strong></span> <span class='ocrx_word' id='word_1_50' title='bbox 1038 1049 1058 1090; x_wconf 88' lang='lat' dir='ltr'><strong>t.</strong></span> <span class='ocrx_word' id='word_1_51' title='bbox 1069 1042 1182 1091; x_wconf 80' lang='lat' dir='ltr'><strong>illustret</strong></span> <span class='ocrx_word' id='word_1_52' title='bbox 1191 1043 1250 1092; x_wconf 80' lang='lat' dir='ltr'><strong>iccio</strong></span> 
     </span>
     <span class='ocr_line' id='line_1_9' title="bbox 151 1057 1250 1168; baseline 0.007 -20"><span class='ocrx_word' id='word_1_53' title='bbox 151 1102 257 1150; x_wconf 78' lang='lat' dir='ltr'><strong>uersari.-</strong></span> <span class='ocrx_word' id='word_1_54' title='bbox 280 1101 328 1150; x_wconf 91' lang='lat' dir='ltr'><strong>sed</strong></span> <span class='ocrx_word' id='word_1_55' title='bbox 349 1102 410 1151; x_wconf 84' lang='lat' dir='ltr'><strong>nibil</strong></span> <span class='ocrx_word' id='word_1_56' title='bbox 431 1111 519 1152; x_wconf 86' lang='lat' dir='ltr'><strong>muto:</strong></span> <span class='ocrx_word' id='word_1_57' title='bbox 544 1117 603 1152; x_wconf 88' lang='lat' dir='ltr'><strong>narn</strong></span> <span class='ocrx_word' id='word_1_58' title='bbox 622 1119 748 1155; x_wconf 73' lang='lat' dir='ltr'><strong>omsursa</strong></span> <span class='ocrx_word' id='word_1_59' title='bbox 770 1104 902 1168; x_wconf 72' lang='lat' dir='ltr'><strong>precedd.</strong></span> <span class='ocrx_word' id='word_1_60' title='bbox 926 1057 1076 1168; x_wconf 81' lang='lat' dir='ltr'><strong>dependet.&#39;</strong></span> <span class='ocrx_word' id='word_1_61' title='bbox 1100 1107 1250 1156; x_wconf 72' lang='lat' dir='ltr'><strong>Burin-2²</strong></span> 
     </span>
     <span class='ocr_line' id='line_1_10' title="bbox 149 1163 1250 1234; baseline 0.008 -22"><span class='ocrx_word' id='word_1_62' title='bbox 149 1163 259 1214; x_wconf 69' lang='lat' dir='ltr'><strong>‘Heium</strong></span> <span class='ocrx_word' id='word_1_63' title='bbox 272 1165 308 1214; x_wconf 86' lang='lat' dir='ltr'><strong>N.</strong></span> <span class='ocrx_word' id='word_1_64' title='bbox 319 1166 351 1215; x_wconf 94' lang='lat' dir='ltr'><strong>ad</strong></span> <span class='ocrx_word' id='word_1_65' title='bbox 364 1165 455 1216; x_wconf 88' lang='lat' dir='ltr'><strong>Claud.</strong></span> <span class='ocrx_word' id='word_1_66' title='bbox 468 1180 487 1216; x_wconf 92' lang='lat' dir='ltr'><strong>r.</strong></span> <span class='ocrx_word' id='word_1_67' title='bbox 500 1167 525 1214; x_wconf 93' lang='lat' dir='ltr'><strong>ln</strong></span> <span class='ocrx_word' id='word_1_68' title='bbox 538 1168 646 1231; x_wconf 81' lang='lat' dir='ltr'><strong>Eutrop.</strong></span> <span class='ocrx_word' id='word_1_69' title='bbox 658 1172 715 1218; x_wconf 81' lang='lat' dir='ltr'><strong>sur.</strong></span> <span class='ocrx_word' id='word_1_70' title='bbox 734 1170 774 1233; x_wconf 90' lang='lat' dir='ltr'><strong>[et</strong></span> <span class='ocrx_word' id='word_1_71' title='bbox 788 1170 821 1219; x_wconf 84' lang='lat' dir='ltr'><strong>N.</strong></span> <span class='ocrx_word' id='word_1_72' title='bbox 834 1168 925 1232; x_wconf 76' lang='lat' dir='ltr'><strong>Prop]</strong></span> <span class='ocrx_word' id='word_1_73' title='bbox 943 1169 1031 1219; x_wconf 81' lang='lat' dir='ltr'><strong>mallet</strong></span> <span class='ocrx_word' id='word_1_74' title='bbox 1051 1169 1164 1219; x_wconf 83' lang='lat' dir='ltr'><strong>Plroriisr</strong></span> <span class='ocrx_word' id='word_1_75' title='bbox 1180 1169 1250 1234; x_wconf 88' lang='lat' dir='ltr'><strong>quod</strong></span> 
     </span>
     <span class='ocr_line' id='line_1_11' title="bbox 149 1231 1249 1291; baseline 0.006 -15"><span class='ocrx_word' id='word_1_76' title='bbox 149 1235 269 1291; x_wconf 73' lang='lat' dir='ltr'><strong>ergnturn</strong></span> <span class='ocrx_word' id='word_1_77' title='bbox 281 1237 321 1279; x_wconf 87' lang='lat' dir='ltr'><strong>est</strong></span> <span class='ocrx_word' id='word_1_78' title='bbox 333 1244 381 1280; x_wconf 90' lang='lat' dir='ltr'><strong>uec</strong></span> <span class='ocrx_word' id='word_1_79' title='bbox 395 1238 481 1288; x_wconf 82' lang='lat' dir='ltr'><strong>temen</strong></span> <span class='ocrx_word' id='word_1_80' title='bbox 491 1231 683 1281; x_wconf 71' lang='lat' dir='ltr'><strong>neceesarium!</strong></span> <span class='ocrx_word' id='word_1_81' title='bbox 699 1233 809 1282; x_wconf 81' lang='lat' dir='ltr'><strong>Brostrlr.</strong></span> <span class='ocrx_word' id='word_1_82' title='bbox 827 1233 914 1283; x_wconf 74' lang='lat' dir='ltr'><strong>Bsrtb.</strong></span> <span class='ocrx_word' id='word_1_83' title='bbox 934 1233 943 1262; x_wconf 77' lang='lat'><strong>⁴</strong></span> <span class='ocrx_word' id='word_1_84' title='bbox 956 1233 1067 1283; x_wconf 76' lang='lat' dir='ltr'><strong>Reimeat</strong></span> <span class='ocrx_word' id='word_1_85' title='bbox 1079 1231 1249 1285; x_wconf 86' lang='lat' dir='ltr'><strong>Leld.1.ttes</strong></span> 
     </span>
     <span class='ocr_line' id='line_1_12' title="bbox 149 1292 1251 1362; baseline 0.007 -22"><span class='ocrx_word' id='word_1_86' title='bbox 149 1292 224 1342; x_wconf 86' lang='lat' dir='ltr'><strong>Voss.</strong></span> <span class='ocrx_word' id='word_1_87' title='bbox 237 1295 316 1344; x_wconf 86' lang='lat' dir='ltr'><strong>Borr.</strong></span> <span class='ocrx_word' id='word_1_88' title='bbox 329 1294 393 1344; x_wconf 83' lang='lat' dir='ltr'><strong>Aslr.</strong></span> <span class='ocrx_word' id='word_1_89' title='bbox 404 1302 431 1344; x_wconf 92' lang='lat' dir='ltr'><strong>et</strong></span> <span class='ocrx_word' id='word_1_90' title='bbox 442 1308 512 1344; x_wconf 88' lang='lat' dir='ltr'><strong>meus</strong></span> <span class='ocrx_word' id='word_1_91' title='bbox 523 1299 547 1344; x_wconf 73' lang='lat'><strong>2.</strong></span> <span class='ocrx_word' id='word_1_92' title='bbox 564 1295 604 1358; x_wconf 90' lang='lat' dir='ltr'><strong>[ut</strong></span> <span class='ocrx_word' id='word_1_93' title='bbox 615 1296 671 1345; x_wconf 83' lang='lat' dir='ltr'><strong>vult</strong></span> <span class='ocrx_word' id='word_1_94' title='bbox 683 1295 787 1360; x_wconf 75' lang='lat' dir='ltr'><strong>licius]</strong></span> <span class='ocrx_word' id='word_1_95' title='bbox 805 1296 937 1346; x_wconf 75' lang='lat' dir='ltr'><strong>Prmclnre</strong></span> <span class='ocrx_word' id='word_1_96' title='bbox 947 1298 1037 1348; x_wconf 87' lang='lat' dir='ltr'><strong>Heius.</strong></span> <span class='ocrx_word' id='word_1_97' title='bbox 1054 1297 1162 1360; x_wconf 82' lang='lat' dir='ltr'><strong>Pltnriis,</strong></span> <span class='ocrx_word' id='word_1_98' title='bbox 1172 1297 1251 1362; x_wconf 87' lang='lat' dir='ltr'><strong>qnod,</strong></span> 
     </span>
     <span class='ocr_line' id='line_1_13' title="bbox 149 1356 1250 1425; baseline 0.005 -20"><span class='ocrx_word' id='word_1_99' title='bbox 149 1356 210 1406; x_wconf 87' lang='lat' dir='ltr'><strong>licet</strong></span> <span class='ocrx_word' id='word_1_100' title='bbox 230 1365 361 1422; x_wconf 68' lang='lat' dir='ltr'><strong>argutum,</strong></span> <span class='ocrx_word' id='word_1_101' title='bbox 382 1373 433 1408; x_wconf 91' lang='lat' dir='ltr'><strong>non</strong></span> <span class='ocrx_word' id='word_1_102' title='bbox 456 1365 543 1409; x_wconf 85' lang='lat' dir='ltr'><strong>temen</strong></span> <span class='ocrx_word' id='word_1_103' title='bbox 566 1360 738 1408; x_wconf 72' lang='lat' dir='ltr'><strong>necessarium</strong></span> <span class='ocrx_word' id='word_1_104' title='bbox 757 1360 923 1410; x_wconf 81' lang='lat' dir='ltr'><strong>existimabat</strong></span> <span class='ocrx_word' id='word_1_105' title='bbox 942 1361 1056 1410; x_wconf 87' lang='lat' dir='ltr'><strong>Brnukb.</strong></span> <span class='ocrx_word' id='word_1_106' title='bbox 1090 1361 1181 1425; x_wconf 80' lang='lat' dir='ltr'><strong>Miror,</strong></span> <span class='ocrx_word' id='word_1_107' title='bbox 1201 1375 1250 1411; x_wconf 89' lang='lat' dir='ltr'><strong>nen</strong></span> 
     </span>
     <span class='ocr_line' id='line_1_14' title="bbox 150 1422 1251 1487; baseline 0.005 -18"><span class='ocrx_word' id='word_1_108' title='bbox 150 1422 285 1472; x_wconf 71' lang='lat' dir='ltr'><strong>assentior.</strong></span> <span class='ocrx_word' id='word_1_109' title='bbox 320 1423 389 1472; x_wconf 84' lang='lat' dir='ltr'><strong>Huic</strong></span> <span class='ocrx_word' id='word_1_110' title='bbox 399 1423 468 1472; x_wconf 89' lang='lat' dir='ltr'><strong>enim</strong></span> <span class='ocrx_word' id='word_1_111' title='bbox 480 1423 535 1472; x_wconf 91' lang='lat' dir='ltr'><strong>loco</strong></span> <span class='ocrx_word' id='word_1_112' title='bbox 546 1437 672 1487; x_wconf 81' lang='lat' dir='ltr'><strong>perquam</strong></span> <span class='ocrx_word' id='word_1_113' title='bbox 683 1433 854 1487; x_wconf 89' lang='lat' dir='ltr'><strong>opportunum</strong></span> <span class='ocrx_word' id='word_1_114' title='bbox 866 1432 894 1473; x_wconf 91' lang='lat' dir='ltr'><strong>et</strong></span> <span class='ocrx_word' id='word_1_115' title='bbox 909 1425 977 1475; x_wconf 89' lang='lat' dir='ltr'><strong>ultro</strong></span> <span class='ocrx_word' id='word_1_116' title='bbox 993 1425 1180 1476; x_wconf 84' lang='lat' dir='ltr'><strong>edmittendum</strong></span> <span class='ocrx_word' id='word_1_117' title='bbox 1197 1427 1251 1475; x_wconf 83' lang='lat' dir='ltr'><strong>exl-</strong></span> 
     </span>
     <span class='ocr_line' id='line_1_15' title="bbox 149 1485 1250 1551; baseline 0.004 -17"><span class='ocrx_word' id='word_1_118' title='bbox 149 1491 213 1548; x_wconf 75' lang='lat' dir='ltr'><strong>guut</strong></span> <span class='ocrx_word' id='word_1_119' title='bbox 224 1485 405 1549; x_wconf 71' lang='lat' dir='ltr'><strong>precedentis</strong></span> <span class='ocrx_word' id='word_1_120' title='bbox 415 1487 449 1535; x_wconf 89' lang='lat' dir='ltr'><strong>de</strong></span> <span class='ocrx_word' id='word_1_121' title='bbox 461 1485 559 1536; x_wconf 85' lang='lat' dir='ltr'><strong>Arnbio</strong></span> <span class='ocrx_word' id='word_1_122' title='bbox 576 1487 655 1548; x_wconf 89' lang='lat' dir='ltr'><strong>lecto,</strong></span> <span class='ocrx_word' id='word_1_123' title='bbox 673 1495 700 1537; x_wconf 92' lang='lat' dir='ltr'><strong>et</strong></span> <span class='ocrx_word' id='word_1_124' title='bbox 717 1488 850 1538; x_wconf 88' lang='lat' dir='ltr'><strong>ostrinos.</strong></span> <span class='ocrx_word' id='word_1_125' title='bbox 867 1489 944 1551; x_wconf 80' lang='lat' dir='ltr'><strong>Tyrio</strong></span> <span class='ocrx_word' id='word_1_126' title='bbox 959 1497 1024 1538; x_wconf 89' lang='lat' dir='ltr'><strong>toro.</strong></span> <span class='ocrx_word' id='word_1_127' title='bbox 1062 1488 1135 1538; x_wconf 75' lang='lat' dir='ltr'><strong>varta</strong></span> <span class='ocrx_word' id='word_1_128' title='bbox 1153 1490 1250 1538; x_wconf 76' lang='lat' dir='ltr'><strong>textilia</strong></span> 
     </span>
     <span class='ocr_line' id='line_1_16' title="bbox 149 1550 1249 1678; baseline 0.004 -16"><span class='ocrx_word' id='word_1_129' title='bbox 149 1550 759 1678; x_wconf 71' lang='lat' dir='ltr'><strong>tt.&#39;nn¹⁰r¹¹’¹tttnnnnnnn</strong></span> <span class='ocrx_word' id='word_1_130' title='bbox 772 1552 1101 1666; x_wconf 72' lang='lat' dir='ltr'><strong>tnrtt..⁸.⁵r.&#39;·.i:t</strong></span> <span class='ocrx_word' id='word_1_131' title='bbox 1111 1552 1194 1666; x_wconf 76' lang='lat' dir='ltr'><strong>nt.</strong></span> <span class='ocrx_word' id='word_1_132' title='bbox 1206 1569 1249 1666; x_wconf 78' lang='lat' dir='ltr'><strong>n</strong></span> 
     </span>
     <span class='ocr_line' id='line_1_17' title="bbox 149 1650 1249 1744; baseline 0.005 -18"><span class='ocrx_word' id='word_1_133' title='bbox 149 1677 238 1727; x_wconf 86' lang='lat' dir='ltr'><strong>Claud.</strong></span> <span class='ocrx_word' id='word_1_134' title='bbox 250 1678 275 1729; x_wconf 92' lang='lat' dir='ltr'><strong>d.</strong></span> <span class='ocrx_word' id='word_1_135' title='bbox 287 1678 314 1728; x_wconf 86' lang='lat' dir='ltr'><strong>l.’</strong></span> <span class='ocrx_word' id='word_1_136' title='bbox 330 1679 482 1728; x_wconf 70' lang='lat' dir='ltr'><strong>Herm—2³</strong></span> <span class='ocrx_word' id='word_1_137' title='bbox 495 1680 551 1727; x_wconf 87' lang='lat' dir='ltr'><strong>Nora</strong></span> <span class='ocrx_word' id='word_1_138' title='bbox 561 1680 603 1728; x_wconf 83' lang='lat' dir='ltr'><strong>illu</strong></span> <span class='ocrx_word' id='word_1_139' title='bbox 614 1679 709 1728; x_wconf 82' lang='lat' dir='ltr'><strong>Dresd.</strong></span> <span class='ocrx_word' id='word_1_140' title='bbox 722 1650 834 1729; x_wconf 74' lang='lat' dir='ltr'><strong>‘titsrkt</strong></span> <span class='ocrx_word' id='word_1_141' title='bbox 842 1680 952 1744; x_wconf 73' lang='lat' dir='ltr'><strong>margini</strong></span> <span class='ocrx_word' id='word_1_142' title='bbox 963 1651 1020 1730; x_wconf 90' lang='lat' dir='ltr'><strong>cod.</strong></span> <span class='ocrx_word' id='word_1_143' title='bbox 1030 1681 1070 1729; x_wconf 90' lang='lat' dir='ltr'><strong>sul</strong></span> <span class='ocrx_word' id='word_1_144' title='bbox 1078 1688 1249 1731; x_wconf 77' lang='lat' dir='ltr'><strong>annotaverit</strong></span> 
     </span>
     <span class='ocr_line' id='line_1_18' title="bbox 147 1741 1250 1808; baseline 0.004 -18"><span class='ocrx_word' id='word_1_145' title='bbox 147 1745 253 1804; x_wconf 81' lang='lat' dir='ltr'><strong>proastio</strong></span> <span class='ocrx_word' id='word_1_146' title='bbox 266 1741 285 1792; x_wconf 83' lang='lat' dir='ltr'><strong>i.</strong></span> <span class='ocrx_word' id='word_1_147' title='bbox 297 1743 362 1805; x_wconf 73' lang='lat' dir='ltr'><strong>ludu,</strong></span> <span class='ocrx_word' id='word_1_148' title='bbox 374 1743 398 1792; x_wconf 92' lang='grc' dir='ltr'><strong>Ιι.</strong></span> <span class='ocrx_word' id='word_1_149' title='bbox 410 1755 432 1790; x_wconf 91' lang='lat' dir='ltr'><strong>e.</strong></span> <span class='ocrx_word' id='word_1_150' title='bbox 443 1743 521 1807; x_wconf 74' lang='lat' dir='ltr'><strong>Lydo,</strong></span> <span class='ocrx_word' id='word_1_151' title='bbox 540 1743 698 1793; x_wconf 88' lang='lat' dir='ltr'><strong>rescribend.</strong></span> <span class='ocrx_word' id='word_1_152' title='bbox 713 1743 794 1808; x_wconf 73' lang='lat' dir='ltr'><strong>(Lyda</strong></span> <span class='ocrx_word' id='word_1_153' title='bbox 811 1745 890 1794; x_wconf 84' lang='lat' dir='ltr'><strong>etism</strong></span> <span class='ocrx_word' id='word_1_154' title='bbox 908 1743 966 1794; x_wconf 86' lang='lat' dir='ltr'><strong>Eld.</strong></span> <span class='ocrx_word' id='word_1_155' title='bbox 978 1745 1155 1807; x_wconf 80' lang='lat' dir='ltr'><strong>diuinarerst)</strong></span> <span class='ocrx_word' id='word_1_156' title='bbox 1172 1743 1250 1795; x_wconf 89' lang='lat' dir='ltr'><strong>sdeo·</strong></span> 
     </span>
     <span class='ocr_line' id='line_1_19' title="bbox 148 1807 1247 1872; baseline 0.004 -17"><span class='ocrx_word' id='word_1_157' title='bbox 148 1821 196 1870; x_wconf 85' lang='lat' dir='ltr'><strong>que</strong></span> <span class='ocrx_word' id='word_1_158' title='bbox 206 1807 311 1870; x_wconf 74' lang='lat' dir='ltr'><strong>legend.</strong></span> <span class='ocrx_word' id='word_1_159' title='bbox 322 1821 379 1857; x_wconf 84' lang='lat' dir='ltr'><strong>csse</strong></span> <span class='ocrx_word' id='word_1_160' title='bbox 390 1822 436 1856; x_wconf 79' lang='lat' dir='ltr'><strong>sorr</strong></span> <span class='ocrx_word' id='word_1_161' title='bbox 447 1808 516 1872; x_wconf 73' lang='lat' dir='ltr'><strong>Lydo</strong></span> <span class='ocrx_word' id='word_1_162' title='bbox 526 1821 550 1856; x_wconf 89' lang='lat' dir='ltr'><strong>o.</strong></span> <span class='ocrx_word' id='word_1_163' title='bbox 565 1807 659 1868; x_wconf 69' lang='lat' dir='ltr'><strong>nem,</strong></span> <span class='ocrx_word' id='word_1_164' title='bbox 669 1808 705 1856; x_wconf 84' lang='lat' dir='ltr'><strong>sel</strong></span> <span class='ocrx_word' id='word_1_165' title='bbox 719 1808 773 1858; x_wconf 81' lang='lat' dir='ltr'><strong>Ate.</strong></span> <span class='ocrx_word' id='word_1_166' title='bbox 785 1817 814 1858; x_wconf 91' lang='lat' dir='ltr'><strong>nt</strong></span> <span class='ocrx_word' id='word_1_167' title='bbox 827 1809 917 1858; x_wconf 83' lang='lat' dir='ltr'><strong>innunt</strong></span> <span class='ocrx_word' id='word_1_168' title='bbox 928 1809 1079 1872; x_wconf 89' lang='lat' dir='ltr'><strong>opulentum</strong></span> <span class='ocrx_word' id='word_1_169' title='bbox 1096 1809 1178 1858; x_wconf 85' lang='lat' dir='ltr'><strong>Crcesi</strong></span> <span class='ocrx_word' id='word_1_170' title='bbox 1190 1823 1247 1872; x_wconf 68' lang='lat' dir='ltr'><strong>reg·</strong></span> 
     </span>
     <span class='ocr_line' id='line_1_20' title="bbox 148 1871 1248 1937; baseline 0.005 -19"><span class='ocrx_word' id='word_1_171' title='bbox 148 1884 216 1920; x_wconf 86' lang='lat' dir='ltr'><strong>nuru.</strong></span> <span class='ocrx_word' id='word_1_172' title='bbox 250 1871 388 1936; x_wconf 69' lang='lat' dir='ltr'><strong>Ingeniosa</strong></span> <span class='ocrx_word' id='word_1_173' title='bbox 405 1871 524 1935; x_wconf 84' lang='lat' dir='ltr'><strong>protecto</strong></span> <span class='ocrx_word' id='word_1_174' title='bbox 542 1872 702 1934; x_wconf 82' lang='lat' dir='ltr'><strong>conjecturs.</strong></span> <span class='ocrx_word' id='word_1_175' title='bbox 746 1873 812 1935; x_wconf 65' lang='lat' dir='ltr'><strong>nona</strong></span> <span class='ocrx_word' id='word_1_176' title='bbox 828 1881 915 1922; x_wconf 84' lang='lat' dir='ltr'><strong>sutem</strong></span> <span class='ocrx_word' id='word_1_177' title='bbox 934 1888 1008 1934; x_wconf 73' lang='lat' dir='ltr'><strong>regnu</strong></span> <span class='ocrx_word' id='word_1_178' title='bbox 1025 1887 1083 1937; x_wconf 88' lang='lat' dir='ltr'><strong>pro,</strong></span> <span class='ocrx_word' id='word_1_179' title='bbox 1100 1873 1198 1937; x_wconf 84' lang='lat' dir='ltr'><strong>Lydia:</strong></span> <span class='ocrx_word' id='word_1_180' title='bbox 1217 1880 1248 1924; x_wconf 86' lang='lat' dir='ltr'><strong>nt</strong></span> 
     </span>
     <span class='ocr_line' id='line_1_21' title="bbox 146 1935 1247 2002; baseline 0.005 -18"><span class='ocrx_word' id='word_1_181' title='bbox 146 1935 153 1961; x_wconf 81' lang='lat'><strong>⁴</strong></span> <span class='ocrx_word' id='word_1_182' title='bbox 165 1935 240 1999; x_wconf 85' lang='lat' dir='ltr'><strong>Lyda</strong></span> <span class='ocrx_word' id='word_1_183' title='bbox 250 1935 338 1986; x_wconf 85' lang='lat' dir='ltr'><strong>colns&#39;</strong></span> <span class='ocrx_word' id='word_1_184' title='bbox 357 1950 394 1986; x_wconf 84' lang='grc' dir='ltr'><strong>ιν.</strong></span> <span class='ocrx_word' id='word_1_185' title='bbox 405 1940 430 1984; x_wconf 83' lang='grc'><strong>9.</strong></span> <span class='ocrx_word' id='word_1_186' title='bbox 441 1939 481 1986; x_wconf 80' lang='lat' dir='ltr'><strong>ss.</strong></span> <span class='ocrx_word' id='word_1_187' title='bbox 501 1937 600 1985; x_wconf 81' lang='lat' dir='ltr'><strong>Firmat</strong></span> <span class='ocrx_word' id='word_1_188' title='bbox 611 1937 817 1986; x_wconf 83' lang='lat' dir='ltr'><strong>emendationem</strong></span> <span class='ocrx_word' id='word_1_189' title='bbox 827 1936 952 2002; x_wconf 85' lang='lat' dir='ltr'><strong>optimam</strong></span> <span class='ocrx_word' id='word_1_190' title='bbox 962 1937 1058 1986; x_wconf 75' lang='lat' dir='ltr'><strong>tisun.</strong></span> <span class='ocrx_word' id='word_1_191' title='bbox 1071 1951 1111 1987; x_wconf 89' lang='lat' dir='ltr'><strong>tv.</strong></span> <span class='ocrx_word' id='word_1_192' title='bbox 1126 1953 1149 1988; x_wconf 90' lang='lat' dir='ltr'><strong>c.</strong></span> <span class='ocrx_word' id='word_1_193' title='bbox 1158 1942 1181 1987; x_wconf 90' lang='lat' dir='ltr'><strong>l.</strong></span> <span class='ocrx_word' id='word_1_194' title='bbox 1191 1943 1247 1990; x_wconf 79' lang='grc'><strong>199.</strong></span> 
     </span>
     <span class='ocr_line' id='line_1_22' title="bbox 146 1998 1248 2076; baseline 0.002 -28"><span class='ocrx_word' id='word_1_195' title='bbox 146 2013 229 2064; x_wconf 90' lang='lat' dir='ltr'><strong>neque</strong></span> <span class='ocrx_word' id='word_1_196' title='bbox 240 1999 365 2051; x_wconf 83' lang='lat' dir='ltr'><strong>dissimile</strong></span> <span class='ocrx_word' id='word_1_197' title='bbox 375 1999 440 2049; x_wconf 92' lang='lat' dir='ltr'><strong>illud</strong></span> <span class='ocrx_word' id='word_1_198' title='bbox 451 1998 533 2076; x_wconf 61' lang='lat' dir='ltr'><strong>einsd.</strong></span> <span class='ocrx_word' id='word_1_199' title='bbox 545 2013 589 2049; x_wconf 90' lang='grc' dir='ltr'><strong>ιιι.</strong></span> <span class='ocrx_word' id='word_1_200' title='bbox 607 2001 647 2048; x_wconf 79' lang='lat' dir='ltr'><strong>lit.</strong></span> <span class='ocrx_word' id='word_1_201' title='bbox 667 2004 689 2049; x_wconf 89' lang='lat' dir='ltr'><strong>s.</strong></span> <span class='ocrx_word' id='word_1_202' title='bbox 706 1999 756 2050; x_wconf 70' lang='lat' dir='ltr'><strong>sn!</strong></span> <span class='ocrx_word' id='word_1_203' title='bbox 774 2002 857 2051; x_wconf 68' lang='lat' dir='ltr'><strong>nsum.</strong></span> <span class='ocrx_word' id='word_1_204' title='bbox 890 2001 967 2049; x_wconf 86' lang='lat' dir='ltr'><strong>‘Nora</strong></span> <span class='ocrx_word' id='word_1_205' title='bbox 982 2002 1030 2049; x_wconf 83' lang='lat' dir='ltr'><strong>sliu</strong></span> <span class='ocrx_word' id='word_1_206' title='bbox 1044 2001 1095 2064; x_wconf 86' lang='lat' dir='ltr'><strong>bic,</strong></span> <span class='ocrx_word' id='word_1_207' title='bbox 1104 2009 1133 2051; x_wconf 89' lang='lat' dir='ltr'><strong>ut</strong></span> <span class='ocrx_word' id='word_1_208' title='bbox 1144 2003 1248 2065; x_wconf 77' lang='lat' dir='ltr'><strong>sepius,</strong></span> 
     </span>
     <span class='ocr_line' id='line_1_23' title="bbox 147 2064 1246 2129; baseline 0.004 -17"><span class='ocrx_word' id='word_1_209' title='bbox 147 2077 196 2113; x_wconf 90' lang='lat' dir='ltr'><strong>non</strong></span> <span class='ocrx_word' id='word_1_210' title='bbox 208 2079 371 2128; x_wconf 73' lang='lat' dir='ltr'><strong>magnacum</strong></span> <span class='ocrx_word' id='word_1_211' title='bbox 383 2065 408 2114; x_wconf 88' lang='lat' dir='ltr'><strong>ri</strong></span> <span class='ocrx_word' id='word_1_212' title='bbox 420 2073 530 2127; x_wconf 88' lang='lat' dir='ltr'><strong>posrtum</strong></span> <span class='ocrx_word' id='word_1_213' title='bbox 543 2070 675 2112; x_wconf 83' lang='lat' dir='ltr'><strong>teneamus</strong></span> <span class='ocrx_word' id='word_1_214' title='bbox 687 2064 765 2114; x_wconf 70' lang='lat' dir='ltr'><strong>licet!</strong></span> <span class='ocrx_word' id='word_1_215' title='bbox 775 2065 871 2114; x_wconf 68' lang='lat' dir='ltr'><strong>meto.</strong></span> <span class='ocrx_word' id='word_1_216' title='bbox 886 2065 1052 2114; x_wconf 84' lang='lat' dir='ltr'><strong>‘Msrlrtnndi</strong></span> <span class='ocrx_word' id='word_1_217' title='bbox 1063 2066 1131 2129; x_wconf 87' lang='lat' dir='ltr'><strong>conj.</strong></span> <span class='ocrx_word' id='word_1_218' title='bbox 1142 2066 1246 2128; x_wconf 75' lang='lat' dir='ltr'><strong>etegsns</strong></span> 
     </span>
     <span class='ocr_line' id='line_1_24' title="bbox 146 2128 1247 2193; baseline 0.005 -18"><span class='ocrx_word' id='word_1_219' title='bbox 146 2135 173 2177; x_wconf 87' lang='lat' dir='ltr'><strong>et</strong></span> <span class='ocrx_word' id='word_1_220' title='bbox 183 2129 318 2191; x_wconf 66' lang='lat' dir='ltr'><strong>speciosum</strong></span> <span class='ocrx_word' id='word_1_221' title='bbox 334 2143 419 2193; x_wconf 83' lang='lat' dir='ltr'><strong>neque</strong></span> <span class='ocrx_word' id='word_1_222' title='bbox 431 2135 516 2178; x_wconf 89' lang='lat' dir='ltr'><strong>tamen</strong></span> <span class='ocrx_word' id='word_1_223' title='bbox 527 2135 618 2178; x_wconf 85' lang='lat' dir='ltr'><strong>coutrn</strong></span> <span class='ocrx_word' id='word_1_224' title='bbox 636 2128 695 2178; x_wconf 89' lang='lat' dir='ltr'><strong>edd.</strong></span> <span class='ocrx_word' id='word_1_225' title='bbox 709 2129 846 2192; x_wconf 81' lang='lat' dir='ltr'><strong>quicquum</strong></span> <span class='ocrx_word' id='word_1_226' title='bbox 859 2136 959 2179; x_wconf 87' lang='lat' dir='ltr'><strong>mutare</strong></span> <span class='ocrx_word' id='word_1_227' title='bbox 971 2128 1049 2189; x_wconf 81' lang='lat' dir='ltr'><strong>volui,</strong></span> <span class='ocrx_word' id='word_1_228' title='bbox 1058 2143 1117 2178; x_wconf 89' lang='lat' dir='ltr'><strong>cum</strong></span> <span class='ocrx_word' id='word_1_229' title='bbox 1128 2131 1247 2193; x_wconf 83' lang='lat' dir='ltr'><strong>exempla</strong></span> 
     </span>
     <span class='ocr_line' id='line_1_25' title="bbox 146 2185 1245 2250; baseline 0.002 -10"><span class='ocrx_word' id='word_1_230' title='bbox 146 2191 266 2242; x_wconf 86' lang='lat' dir='ltr'><strong>similium</strong></span> <span class='ocrx_word' id='word_1_231' title='bbox 276 2195 394 2243; x_wconf 89' lang='lat' dir='ltr'><strong>locorum</strong></span> <span class='ocrx_word' id='word_1_232' title='bbox 404 2192 470 2241; x_wconf 79' lang='lat' dir='ltr'><strong>baud</strong></span> <span class='ocrx_word' id='word_1_233' title='bbox 483 2185 578 2250; x_wconf 79' lang='lat' dir='ltr'><strong>desint.</strong></span> <span class='ocrx_word' id='word_1_234' title='bbox 609 2191 669 2242; x_wconf 84' lang='lat' dir='ltr'><strong>vtd.</strong></span> <span class='ocrx_word' id='word_1_235' title='bbox 679 2191 789 2243; x_wconf 86' lang='lat' dir='ltr'><strong>Porson.</strong></span> <span class='ocrx_word' id='word_1_236' title='bbox 809 2192 843 2242; x_wconf 91' lang='lat' dir='ltr'><strong>ad</strong></span> <span class='ocrx_word' id='word_1_237' title='bbox 858 2193 921 2242; x_wconf 83' lang='lat' dir='ltr'><strong>Eut.</strong></span> <span class='ocrx_word' id='word_1_238' title='bbox 940 2192 1011 2242; x_wconf 83' lang='lat' dir='ltr'><strong>Med.</strong></span> <span class='ocrx_word' id='word_1_239' title='bbox 1021 2193 1088 2242; x_wconf 65' lang='lat' dir='ltr'><strong>nti!</strong></span> <span class='ocrx_word' id='word_1_240' title='bbox 1105 2193 1245 2243; x_wconf 69' lang='lat' dir='ltr'><strong>lirim-24</strong></span> 
     </span>
     <span class='ocr_line' id='line_1_26' title="bbox 145 2255 1246 2322; baseline 0.001 -17"><span class='ocrx_word' id='word_1_241' title='bbox 145 2257 153 2284; x_wconf 85' lang='lat'>‘</span> <span class='ocrx_word' id='word_1_242' title='bbox 166 2257 219 2306; x_wconf 83' lang='lat' dir='ltr'><strong>Nec</strong></span> <span class='ocrx_word' id='word_1_243' title='bbox 230 2259 284 2308; x_wconf 82' lang='lat' dir='ltr'><strong>Ale.</strong></span> <span class='ocrx_word' id='word_1_244' title='bbox 293 2258 359 2322; x_wconf 72' lang='lat' dir='ltr'><strong>coni.</strong></span> <span class='ocrx_word' id='word_1_245' title='bbox 372 2259 465 2308; x_wconf 79' lang='lat' dir='ltr'><strong>Frsnc.</strong></span> <span class='ocrx_word' id='word_1_246' title='bbox 478 2257 577 2306; x_wconf 83' lang='lat' dir='ltr'><strong>Recte:</strong></span> <span class='ocrx_word' id='word_1_247' title='bbox 595 2257 633 2305; x_wconf 91' lang='lat' dir='ltr'><strong>sic</strong></span> <span class='ocrx_word' id='word_1_248' title='bbox 641 2256 735 2306; x_wconf 90' lang='lat' dir='ltr'><strong>deiude</strong></span> <span class='ocrx_word' id='word_1_249' title='bbox 746 2258 772 2306; x_wconf 92' lang='lat' dir='ltr'><strong>iu</strong></span> <span class='ocrx_word' id='word_1_250' title='bbox 785 2259 847 2321; x_wconf 91' lang='lat' dir='ltr'><strong>qnlu</strong></span> <span class='ocrx_word' id='word_1_251' title='bbox 867 2271 898 2305; x_wconf 90' lang='lat' dir='ltr'><strong>ne</strong></span> <span class='ocrx_word' id='word_1_252' title='bbox 907 2257 984 2308; x_wconf 90' lang='lat' dir='ltr'><strong>codd.</strong></span> <span class='ocrx_word' id='word_1_253' title='bbox 995 2259 1120 2320; x_wconf 89' lang='lat' dir='ltr'><strong>scriptum</strong></span> <span class='ocrx_word' id='word_1_254' title='bbox 1132 2255 1246 2308; x_wconf 73' lang='lat' dir='ltr'><strong>offendi!</strong></span> 
     </span>
     <span class='ocr_line' id='line_1_27' title="bbox 145 2273 1246 2385; baseline 0.002 -15"><span class='ocrx_word' id='word_1_255' title='bbox 145 2321 254 2371; x_wconf 70' lang='lat' dir='ltr'><strong>nmen.</strong></span> <span class='ocrx_word' id='word_1_256' title='bbox 273 2323 325 2371; x_wconf 82' lang='lat' dir='ltr'><strong>Nec</strong></span> <span class='ocrx_word' id='word_1_257' title='bbox 336 2330 363 2371; x_wconf 85' lang='lat' dir='ltr'><strong>et</strong></span> <span class='ocrx_word' id='word_1_258' title='bbox 374 2321 471 2372; x_wconf 88' lang='lat' dir='ltr'><strong>Dresd.</strong></span> <span class='ocrx_word' id='word_1_259' title='bbox 492 2321 535 2371; x_wconf 82' lang='lat' dir='ltr'><strong>Vei</strong></span> <span class='ocrx_word' id='word_1_260' title='bbox 545 2321 611 2371; x_wconf 90' lang='lat' dir='ltr'><strong>Bon.</strong></span> <span class='ocrx_word' id='word_1_261' title='bbox 623 2321 720 2371; x_wconf 83' lang='lat' dir='ltr'><strong>Guarn.</strong></span> <span class='ocrx_word' id='word_1_262' title='bbox 737 2319 797 2372; x_wconf 88' lang='lat' dir='ltr'><strong>Ald.</strong></span> <span class='ocrx_word' id='word_1_263' title='bbox 806 2326 829 2372; x_wconf 71' lang='lat' dir='ltr'><strong>t.</strong></span> <span class='ocrx_word' id='word_1_264' title='bbox 847 2273 946 2385; x_wconf 73' lang='lat' dir='ltr'><strong>drypn.</strong></span> <span class='ocrx_word' id='word_1_265' title='bbox 962 2323 970 2349; x_wconf 88' lang='lat'>‘</span> <span class='ocrx_word' id='word_1_266' title='bbox 983 2322 1035 2370; x_wconf 85' lang='lat' dir='ltr'><strong>Nec</strong></span> <span class='ocrx_word' id='word_1_267' title='bbox 1047 2321 1139 2371; x_wconf 75' lang='lat' dir='ltr'><strong>Alcinoi</strong></span> <span class='ocrx_word' id='word_1_268' title='bbox 1150 2337 1246 2372; x_wconf 79' lang='lat' dir='ltr'><strong>msrern</strong></span> 
     </span>
     <span class='ocr_line' id='line_1_28' title="bbox 145 2383 1246 2451; baseline 0.003 -17"><span class='ocrx_word' id='word_1_269' title='bbox 145 2385 226 2449; x_wconf 69' lang='lat' dir='ltr'><strong>Regp.</strong></span> <span class='ocrx_word' id='word_1_270' title='bbox 238 2386 329 2436; x_wconf 78' lang='lat' dir='ltr'><strong>Leidd.</strong></span> <span class='ocrx_word' id='word_1_271' title='bbox 341 2386 417 2435; x_wconf 87' lang='lat' dir='ltr'><strong>Borr.</strong></span> <span class='ocrx_word' id='word_1_272' title='bbox 429 2385 556 2448; x_wconf 73' lang='lat' dir='ltr'><strong>Grouiug.</strong></span> <span class='ocrx_word' id='word_1_273' title='bbox 568 2383 619 2434; x_wconf 90' lang='lat' dir='ltr'><strong>duo</strong></span> <span class='ocrx_word' id='word_1_274' title='bbox 631 2385 664 2436; x_wconf 84' lang='lat' dir='ltr'><strong>G.</strong></span> <span class='ocrx_word' id='word_1_275' title='bbox 676 2386 805 2450; x_wconf 73' lang='lat' dir='ltr'><strong>Viaming.</strong></span> <span class='ocrx_word' id='word_1_276' title='bbox 818 2385 893 2436; x_wconf 86' lang='lat' dir='ltr'><strong>codd.</strong></span> <span class='ocrx_word' id='word_1_277' title='bbox 903 2401 941 2451; x_wconf 90' lang='lat' dir='ltr'><strong>pr.</strong></span> <span class='ocrx_word' id='word_1_278' title='bbox 949 2385 1009 2436; x_wconf 89' lang='lat' dir='ltr'><strong>edd.</strong></span> <span class='ocrx_word' id='word_1_279' title='bbox 1020 2392 1048 2434; x_wconf 92' lang='lat' dir='ltr'><strong>et</strong></span> <span class='ocrx_word' id='word_1_280' title='bbox 1060 2385 1120 2436; x_wconf 87' lang='lat' dir='ltr'><strong>Ald.</strong></span> <span class='ocrx_word' id='word_1_281' title='bbox 1132 2391 1154 2435; x_wconf 89' lang='lat' dir='ltr'><strong>t.</strong></span> <span class='ocrx_word' id='word_1_282' title='bbox 1169 2385 1246 2437; x_wconf 88' lang='lat' dir='ltr'><strong>Junt.</strong></span> 
     </span>
     <span class='ocr_line' id='line_1_29' title="bbox 146 2449 1244 2513; baseline 0.001 -14"><span class='ocrx_word' id='word_1_283' title='bbox 146 2463 175 2499; x_wconf 89' lang='lat' dir='ltr'><strong>sc</strong></span> <span class='ocrx_word' id='word_1_284' title='bbox 193 2451 275 2500; x_wconf 86' lang='lat' dir='ltr'><strong>Collo.</strong></span> <span class='ocrx_word' id='word_1_285' title='bbox 293 2451 340 2500; x_wconf 90' lang='lat' dir='ltr'><strong>sed</strong></span> <span class='ocrx_word' id='word_1_286' title='bbox 352 2449 413 2499; x_wconf 89' lang='lat' dir='ltr'><strong>Ald.</strong></span> <span class='ocrx_word' id='word_1_287' title='bbox 426 2454 450 2499; x_wconf 72' lang='lat'><strong>2.</strong></span> <span class='ocrx_word' id='word_1_288' title='bbox 467 2450 513 2513; x_wconf 82' lang='lat' dir='ltr'><strong>nel,</strong></span> <span class='ocrx_word' id='word_1_289' title='bbox 533 2456 561 2498; x_wconf 90' lang='lat' dir='ltr'><strong>nt</strong></span> <span class='ocrx_word' id='word_1_290' title='bbox 575 2449 635 2498; x_wconf 89' lang='lat' dir='ltr'><strong>Vat.</strong></span> <span class='ocrx_word' id='word_1_291' title='bbox 647 2455 671 2500; x_wconf 78' lang='grc'><strong>5.</strong></span> <span class='ocrx_word' id='word_1_292' title='bbox 683 2451 794 2500; x_wconf 86' lang='lat' dir='ltr'><strong>Mentel.</strong></span> <span class='ocrx_word' id='word_1_293' title='bbox 808 2451 910 2513; x_wconf 84' lang='lat' dir='ltr'><strong>sliique.</strong></span> <span class='ocrx_word' id='word_1_294' title='bbox 940 2451 992 2499; x_wconf 82' lang='lat' dir='ltr'><strong>Nee</strong></span> <span class='ocrx_word' id='word_1_295' title='bbox 1008 2449 1104 2500; x_wconf 76' lang='lat' dir='ltr'><strong>Alcinoi</strong></span> <span class='ocrx_word' id='word_1_296' title='bbox 1112 2450 1202 2511; x_wconf 70' lang='lat' dir='ltr'><strong>,iugero</strong></span> <span class='ocrx_word' id='word_1_297' title='bbox 1217 2451 1244 2501; x_wconf 92' lang='lat' dir='ltr'><strong>in</strong></span> 
     </span>
     <span class='ocr_line' id='line_1_30' title="bbox 144 2512 1244 2578; baseline 0.002 -16"><span class='ocrx_word' id='word_1_298' title='bbox 144 2527 188 2562; x_wconf 89' lang='lat' dir='ltr'><strong>ora</strong></span> <span class='ocrx_word' id='word_1_299' title='bbox 198 2514 257 2564; x_wconf 88' lang='lat' dir='ltr'><strong>cod.</strong></span> <span class='ocrx_word' id='word_1_300' title='bbox 268 2516 308 2566; x_wconf 89' lang='lat' dir='ltr'><strong>sui</strong></span> <span class='ocrx_word' id='word_1_301' title='bbox 319 2515 387 2578; x_wconf 90' lang='lat' dir='ltr'><strong>conj.</strong></span> <span class='ocrx_word' id='word_1_302' title='bbox 407 2515 500 2563; x_wconf 81' lang='lat' dir='ltr'><strong>Frnnc.</strong></span> <span class='ocrx_word' id='word_1_303' title='bbox 515 2512 583 2578; x_wconf 90' lang='lat' dir='ltr'><strong>quod</strong></span> <span class='ocrx_word' id='word_1_304' title='bbox 600 2513 695 2562; x_wconf 85' lang='lat' dir='ltr'><strong>firmsri</strong></span> <span class='ocrx_word' id='word_1_305' title='bbox 712 2515 816 2578; x_wconf 87' lang='lat' dir='ltr'><strong>quidem</strong></span> <span class='ocrx_word' id='word_1_306' title='bbox 833 2522 921 2578; x_wconf 91' lang='lat' dir='ltr'><strong>posset</strong></span> <span class='ocrx_word' id='word_1_307' title='bbox 934 2515 1041 2564; x_wconf 83' lang='lat' dir='ltr'><strong>liomer.</strong></span> <span class='ocrx_word' id='word_1_308' title='bbox 1052 2527 1104 2563; x_wconf 81' lang='grc' dir='ltr'><strong>ιιι.</strong></span> <span class='ocrx_word' id='word_1_309' title='bbox 1121 2514 1174 2563; x_wconf 91' lang='lat' dir='ltr'><strong>Od.</strong></span> <span class='ocrx_word' id='word_1_310' title='bbox 1188 2519 1244 2564; x_wconf 87' lang='lat' dir='ltr'><strong>trs.</strong></span> 
     </span>
     <span class='ocr_line' id='line_1_31' title="bbox 143 2576 1245 2629; baseline -0.001 -1"><span class='ocrx_word' id='word_1_311' title='bbox 143 2579 151 2607; x_wconf 78' lang='lat'><strong>⁴</strong></span> <span class='ocrx_word' id='word_1_312' title='bbox 164 2577 331 2629; x_wconf 85' lang='lat' dir='ltr'><strong>Muuiiicum’</strong></span> <span class='ocrx_word' id='word_1_313' title='bbox 343 2587 429 2628; x_wconf 88' lang='lat' dir='ltr'><strong>tamen</strong></span> <span class='ocrx_word' id='word_1_314' title='bbox 440 2579 577 2628; x_wconf 81' lang='lat' dir='ltr'><strong>Alcinoum</strong></span> <span class='ocrx_word' id='word_1_315' title='bbox 588 2585 665 2627; x_wconf 84' lang='lat' dir='ltr'><strong>vocat</strong></span> <span class='ocrx_word' id='word_1_316' title='bbox 676 2578 726 2628; x_wconf 90' lang='lat' dir='ltr'><strong>Or.</strong></span> <span class='ocrx_word' id='word_1_317' title='bbox 736 2592 769 2627; x_wconf 90' lang='lat' dir='ltr'><strong>rr.</strong></span> <span class='ocrx_word' id='word_1_318' title='bbox 785 2593 818 2627; x_wconf 86' lang='lat' dir='ltr'><strong>ex</strong></span> <span class='ocrx_word' id='word_1_319' title='bbox 829 2579 862 2629; x_wconf 85' lang='grc' dir='ltr'><strong>Ρ.</strong></span> <span class='ocrx_word' id='word_1_320' title='bbox 871 2583 897 2629; x_wconf 77' lang='grc'><strong>9.</strong></span> <span class='ocrx_word' id='word_1_321' title='bbox 909 2583 949 2628; x_wconf 70' lang='lat' dir='ltr'><strong>id.</strong></span> <span class='ocrx_word' id='word_1_322' title='bbox 966 2585 994 2628; x_wconf 91' lang='lat' dir='ltr'><strong>et</strong></span> <span class='ocrx_word' id='word_1_323' title='bbox 1008 2576 1068 2627; x_wconf 92' lang='lat' dir='ltr'><strong>ideo</strong></span> <span class='ocrx_word' id='word_1_324' title='bbox 1083 2593 1179 2627; x_wconf 71' lang='lat' dir='ltr'><strong>manem</strong></span> <span class='ocrx_word' id='word_1_325' title='bbox 1191 2593 1245 2627; x_wconf 89' lang='lat' dir='ltr'><strong>me·</strong></span> 
     </span>
     <span class='ocr_line' id='line_1_32' title="bbox 144 2640 1245 2708; baseline 0 -16"><span class='ocrx_word' id='word_1_326' title='bbox 144 2651 229 2694; x_wconf 91' lang='lat' dir='ltr'><strong>morst</strong></span> <span class='ocrx_word' id='word_1_327' title='bbox 249 2644 412 2708; x_wconf 82' lang='lat' dir='ltr'><strong>Propertius,</strong></span> <span class='ocrx_word' id='word_1_328' title='bbox 426 2643 487 2706; x_wconf 90' lang='lat' dir='ltr'><strong>quia</strong></span> <span class='ocrx_word' id='word_1_329' title='bbox 506 2642 614 2705; x_wconf 87' lang='lat' dir='ltr'><strong>respicit</strong></span> <span class='ocrx_word' id='word_1_330' title='bbox 631 2641 664 2690; x_wconf 88' lang='lat' dir='ltr'><strong>sd</strong></span> <span class='ocrx_word' id='word_1_331' title='bbox 681 2657 777 2691; x_wconf 75' lang='lat' dir='ltr'><strong>musmo</strong></span> <span class='ocrx_word' id='word_1_332' title='bbox 794 2641 882 2706; x_wconf 79' lang='lat' dir='ltr'><strong>Ulyssi</strong></span> <span class='ocrx_word' id='word_1_333' title='bbox 899 2659 931 2691; x_wconf 83' lang='lat' dir='ltr'><strong>ex</strong></span> <span class='ocrx_word' id='word_1_334' title='bbox 948 2643 1023 2691; x_wconf 89' lang='lat' dir='ltr'><strong>bortn</strong></span> <span class='ocrx_word' id='word_1_335' title='bbox 1043 2640 1146 2691; x_wconf 80' lang='lat' dir='ltr'><strong>Alcinoi</strong></span> <span class='ocrx_word' id='word_1_336' title='bbox 1162 2641 1245 2692; x_wconf 87' lang='lat' dir='ltr'><strong>data.&#39;</strong></span> 
     </span>
     <span class='ocr_line' id='line_1_33' title="bbox 144 2705 1245 2770; baseline -0.002 -14"><span class='ocrx_word' id='word_1_337' title='bbox 144 2707 229 2756; x_wconf 80' lang='lat' dir='ltr'><strong>Bsrra.</strong></span> <span class='ocrx_word' id='word_1_338' title='bbox 263 2709 337 2757; x_wconf 83' lang='lat' dir='ltr'><strong>‘Nec</strong></span> <span class='ocrx_word' id='word_1_339' title='bbox 348 2707 460 2756; x_wconf 83' lang='lat' dir='ltr'><strong>Gronov.</strong></span> <span class='ocrx_word' id='word_1_340' title='bbox 471 2721 529 2756; x_wconf 88' lang='lat' dir='ltr'><strong>curn</strong></span> <span class='ocrx_word' id='word_1_341' title='bbox 542 2706 599 2754; x_wconf 90' lang='lat' dir='ltr'><strong>aliis</strong></span> <span class='ocrx_word' id='word_1_342' title='bbox 614 2707 751 2769; x_wconf 89' lang='lat' dir='ltr'><strong>nonnullis,</strong></span> <span class='ocrx_word' id='word_1_343' title='bbox 765 2707 792 2755; x_wconf 90' lang='lat' dir='ltr'><strong>in</strong></span> <span class='ocrx_word' id='word_1_344' title='bbox 810 2706 902 2770; x_wconf 88' lang='lat' dir='ltr'><strong>quibus</strong></span> <span class='ocrx_word' id='word_1_345' title='bbox 919 2712 948 2755; x_wconf 90' lang='lat' dir='ltr'><strong>et</strong></span> <span class='ocrx_word' id='word_1_346' title='bbox 958 2705 1031 2756; x_wconf 79' lang='lat' dir='ltr'><strong>Leld.</strong></span> <span class='ocrx_word' id='word_1_347' title='bbox 1043 2711 1066 2756; x_wconf 92' lang='lat' dir='ltr'><strong>l.</strong></span> <span class='ocrx_word' id='word_1_348' title='bbox 1083 2705 1245 2756; x_wconf 85' lang='lat' dir='ltr'><strong>Burmannus</strong></span> 
     </span>
     <span class='ocr_line' id='line_1_34' title="bbox 143 2767 1287 2838; baseline 0 -18"><span class='ocrx_word' id='word_1_349' title='bbox 143 2779 285 2833; x_wconf 85' lang='lat' dir='ltr'><strong>ntemorst;</strong></span> <span class='ocrx_word' id='word_1_350' title='bbox 302 2772 464 2821; x_wconf 84' lang='lat' dir='ltr'><strong>nibilominus</strong></span> <span class='ocrx_word' id='word_1_351' title='bbox 474 2785 489 2820; x_wconf 85' lang='lat' dir='ltr'><strong>o</strong></span> <span class='ocrx_word' id='word_1_352' title='bbox 501 2771 612 2820; x_wconf 87' lang='lat' dir='ltr'><strong>Mentel.</strong></span> <span class='ocrx_word' id='word_1_353' title='bbox 628 2771 672 2838; x_wconf 83' lang='lat' dir='ltr'><strong>qui</strong></span> <span class='ocrx_word' id='word_1_354' title='bbox 686 2770 721 2819; x_wconf 91' lang='lat' dir='ltr'><strong>id.</strong></span> <span class='ocrx_word' id='word_1_355' title='bbox 734 2785 765 2820; x_wconf 90' lang='lat' dir='ltr'><strong>ac</strong></span> <span class='ocrx_word' id='word_1_356' title='bbox 776 2769 910 2821; x_wconf 75' lang='lat' dir='ltr'><strong>beidensis</strong></span> <span class='ocrx_word' id='word_1_357' title='bbox 921 2779 971 2833; x_wconf 87' lang='lat' dir='ltr'><strong>est,</strong></span> <span class='ocrx_word' id='word_1_358' title='bbox 981 2771 1019 2819; x_wconf 80' lang='lat' dir='ltr'><strong>orl</strong></span> <span class='ocrx_word' id='word_1_359' title='bbox 1029 2767 1149 2819; x_wconf 80' lang='lat' dir='ltr'><strong>efferens.</strong></span> <span class='ocrx_word' id='word_1_360' title='bbox 1184 2770 1244 2820; x_wconf 90' lang='lat' dir='ltr'><strong>lioc</strong></span> <span class='ocrx_word' id='word_1_361' title='bbox 1274 2783 1287 2806; x_wconf 60' lang='lat' dir='ltr'><strong>r</strong></span> 
     </span>
     <span class='ocr_line' id='line_1_35' title="bbox 142 2833 1244 2902; baseline -0.001 -18"><span class='ocrx_word' id='word_1_362' title='bbox 142 2836 260 2902; x_wconf 85' lang='lat' dir='ltr'><strong>plerique</strong></span> <span class='ocrx_word' id='word_1_363' title='bbox 270 2835 381 2886; x_wconf 80' lang='lat' dir='ltr'><strong>hebent:</strong></span> <span class='ocrx_word' id='word_1_364' title='bbox 399 2838 425 2885; x_wconf 92' lang='lat' dir='ltr'><strong>iu</strong></span> <span class='ocrx_word' id='word_1_365' title='bbox 436 2834 475 2884; x_wconf 87' lang='lat' dir='ltr'><strong>bis</strong></span> <span class='ocrx_word' id='word_1_366' title='bbox 485 2834 608 2899; x_wconf 75' lang='lat' dir='ltr'><strong>vulpiani</strong></span> <span class='ocrx_word' id='word_1_367' title='bbox 620 2841 648 2884; x_wconf 90' lang='lat' dir='ltr'><strong>et</strong></span> <span class='ocrx_word' id='word_1_368' title='bbox 658 2835 750 2886; x_wconf 91' lang='lat' dir='ltr'><strong>nostri.</strong></span> <span class='ocrx_word' id='word_1_369' title='bbox 774 2834 826 2885; x_wconf 65' lang='lat' dir='ltr'><strong>Sed</strong></span> <span class='ocrx_word' id='word_1_370' title='bbox 839 2843 911 2886; x_wconf 90' lang='lat' dir='ltr'><strong>recte</strong></span> <span class='ocrx_word' id='word_1_371' title='bbox 920 2833 999 2886; x_wconf 78' lang='lat' dir='ltr'><strong>Wolf.</strong></span> <span class='ocrx_word' id='word_1_372' title='bbox 1010 2835 1043 2884; x_wconf 84' lang='lat' dir='ltr'><strong>sd</strong></span> <span class='ocrx_word' id='word_1_373' title='bbox 1055 2834 1118 2885; x_wconf 80' lang='lat' dir='ltr'><strong>Tae.</strong></span> <span class='ocrx_word' id='word_1_374' title='bbox 1130 2833 1163 2885; x_wconf 87' lang='lat' dir='ltr'><strong>A.</strong></span> <span class='ocrx_word' id='word_1_375' title='bbox 1172 2849 1192 2884; x_wconf 93' lang='lat'><strong>1.</strong></span> <span class='ocrx_word' id='word_1_376' title='bbox 1202 2839 1244 2884; x_wconf 63' lang='grc' dir='ltr'><strong>εἰ.</strong></span> 
     </span>
     <span class='ocr_line' id='line_1_36' title="bbox 142 2898 1245 2965; baseline -0.001 -16"><span class='ocrx_word' id='word_1_377' title='bbox 142 2900 355 2965; x_wconf 82' lang='lat' dir='ltr'><strong>‘Diajunctisum</strong></span> <span class='ocrx_word' id='word_1_378' title='bbox 377 2899 451 2950; x_wconf 82' lang='lat' dir='ltr'><strong>‘rel&#39;</strong></span> <span class='ocrx_word' id='word_1_379' title='bbox 470 2898 583 2963; x_wconf 60' lang='lat' dir='ltr'><strong>negare:</strong></span> <span class='ocrx_word' id='word_1_380' title='bbox 603 2899 628 2948; x_wconf 91' lang='lat' dir='ltr'><strong>iu</strong></span> <span class='ocrx_word' id='word_1_381' title='bbox 647 2900 696 2961; x_wconf 88' lang='lat' dir='ltr'><strong>uit,</strong></span> <span class='ocrx_word' id='word_1_382' title='bbox 718 2900 851 2962; x_wconf 69' lang='lat' dir='ltr'><strong>‘paucies</strong></span> <span class='ocrx_word' id='word_1_383' title='bbox 871 2900 998 2964; x_wconf 80' lang='lat' dir='ltr'><strong>exemplis</strong></span> <span class='ocrx_word' id='word_1_384' title='bbox 1020 2899 1115 2948; x_wconf 89' lang='lat' dir='ltr'><strong>doceri·</strong></span> <span class='ocrx_word' id='word_1_385' title='bbox 1130 2898 1245 2962; x_wconf 64' lang='lat' dir='ltr'><strong>poterit?</strong></span> 
     </span>
     <span class='ocr_line' id='line_1_37' title="bbox 143 2915 1245 3030; baseline 0 -17"><span class='ocrx_word' id='word_1_386' title='bbox 143 2963 292 3015; x_wconf 77' lang='lat' dir='ltr'><strong>Prternleat</strong></span> <span class='ocrx_word' id='word_1_387' title='bbox 304 2966 384 3029; x_wconf 73' lang='lat' dir='ltr'><strong>igitur</strong></span> <span class='ocrx_word' id='word_1_388' title='bbox 394 2964 452 3014; x_wconf 90' lang='lat' dir='ltr'><strong>cod.</strong></span> <span class='ocrx_word' id='word_1_389' title='bbox 466 2964 591 3026; x_wconf 73' lang='lat' dir='ltr'><strong>Groniug.</strong></span> <span class='ocrx_word' id='word_1_390' title='bbox 606 2915 681 3026; x_wconf 79' lang='lat' dir='ltr'><strong>tides,</strong></span> <span class='ocrx_word' id='word_1_391' title='bbox 696 2978 754 3012; x_wconf 91' lang='lat' dir='ltr'><strong>cum</strong></span> <span class='ocrx_word' id='word_1_392' title='bbox 771 2963 857 3014; x_wconf 88' lang='lat' dir='ltr'><strong>‘uon’</strong></span> <span class='ocrx_word' id='word_1_393' title='bbox 877 2970 1004 3030; x_wconf 86' lang='lat' dir='ltr'><strong>sequente</strong></span> <span class='ocrx_word' id='word_1_394' title='bbox 1021 2963 1099 3014; x_wconf 85' lang='lat' dir='ltr'><strong>‘nce&#39;</strong></span> <span class='ocrx_word' id='word_1_395' title='bbox 1117 2963 1245 3014; x_wconf 77' lang='lat' dir='ltr'><strong>familiare</strong></span> 
     </span>
     <span class='ocr_line' id='line_1_38' title="bbox 143 3027 1122 3081; baseline -0.004 -1"><span class='ocrx_word' id='word_1_396' title='bbox 143 3029 242 3080; x_wconf 83' lang='lat' dir='ltr'><strong>Nostro</strong></span> <span class='ocrx_word' id='word_1_397' title='bbox 252 3029 307 3080; x_wconf 62' lang='lat' dir='ltr'><strong>siti</strong></span> <span class='ocrx_word' id='word_1_398' title='bbox 322 3029 420 3081; x_wconf 65' lang='lat' dir='ltr'><strong>incise</strong></span> <span class='ocrx_word' id='word_1_399' title='bbox 454 3027 721 3079; x_wconf 79' lang='lat' dir='ltr'><strong>Neeexiribetliartb.</strong></span> <span class='ocrx_word' id='word_1_400' title='bbox 1118 3033 1122 3042; x_wconf 92' lang='lat'>&#39;</span> 
     </span>
    </p>
   </div>
   <div class='ocr_carea' id='block_1_6' title="bbox 636 3159 744 3212">
    <p class='ocr_par' dir='ltr' id='par_1_6' title="bbox 636 3159 744 3212">
     <span class='ocr_line' id='line_1_39' title="bbox 636 3159 744 3212; baseline -0.019 -2"><span class='ocrx_word' id='word_1_401' title='bbox 636 3159 744 3212; x_wconf 77' lang='lat' dir='ltr'>NOTAE</span> 
     </span>
    </p>
   </div>
   <div class='ocr_carea' id='block_1_7' title="bbox 138 3269 1242 4022">
    <p class='ocr_par' dir='ltr' id='par_1_7' title="bbox 138 3269 1242 4022">
     <span class='ocr_line' id='line_1_40' title="bbox 142 3269 1242 3341; baseline -0.003 -14"><span class='ocrx_word' id='word_1_402' title='bbox 142 3277 186 3328; x_wconf 89' lang='lat' dir='ltr'><strong>mil</strong></span> <span class='ocrx_word' id='word_1_403' title='bbox 196 3281 224 3327; x_wconf 91' lang='lat' dir='ltr'><strong>et</strong></span> <span class='ocrx_word' id='word_1_404' title='bbox 234 3274 348 3338; x_wconf 89' lang='lat' dir='ltr'><strong>candidi,</strong></span> <span class='ocrx_word' id='word_1_405' title='bbox 359 3290 393 3326; x_wconf 83' lang='lat' dir='ltr'><strong>ea</strong></span> <span class='ocrx_word' id='word_1_406' title='bbox 404 3289 456 3341; x_wconf 90' lang='lat' dir='ltr'><strong>qno</strong></span> <span class='ocrx_word' id='word_1_407' title='bbox 470 3275 531 3325; x_wconf 90' lang='lat' dir='ltr'><strong>oliru</strong></span> <span class='ocrx_word' id='word_1_408' title='bbox 544 3275 669 3326; x_wconf 84' lang='lat' dir='ltr'><strong>columuss</strong></span> <span class='ocrx_word' id='word_1_409' title='bbox 710 3272 843 3334; x_wconf 73' lang='lat' dir='ltr'><strong>viridaria,</strong></span> <span class='ocrx_word' id='word_1_410' title='bbox 856 3271 902 3322; x_wconf 91' lang='lat' dir='ltr'><strong>ubl</strong></span> <span class='ocrx_word' id='word_1_411' title='bbox 920 3269 1026 3322; x_wconf 84' lang='lat' dir='ltr'><strong>srbores</strong></span> <span class='ocrx_word' id='word_1_412' title='bbox 1044 3275 1119 3322; x_wconf 82' lang='lat' dir='ltr'><strong>eruut</strong></span> <span class='ocrx_word' id='word_1_413' title='bbox 1138 3285 1242 3337; x_wconf 83' lang='lat' dir='ltr'><strong>semper</strong></span> 
     </span>
     <span class='ocr_line' id='line_1_41' title="bbox 140 3347 1242 3413; baseline -0.005 -8"><span class='ocrx_word' id='word_1_414' title='bbox 140 3363 168 3405; x_wconf 89' lang='lat' dir='ltr'><strong>et</strong></span> <span class='ocrx_word' id='word_1_415' title='bbox 177 3355 267 3404; x_wconf 91' lang='lat' dir='ltr'><strong>limina</strong></span> <span class='ocrx_word' id='word_1_416' title='bbox 279 3353 373 3404; x_wconf 75' lang='lat' dir='ltr'><strong>edium</strong></span> <span class='ocrx_word' id='word_1_417' title='bbox 383 3352 492 3403; x_wconf 84' lang='lat' dir='ltr'><strong>fiebant.</strong></span> <span class='ocrx_word' id='word_1_418' title='bbox 711 3348 853 3413; x_wconf 77' lang='lat' dir='ltr'><strong>pomiferis.</strong></span> <span class='ocrx_word' id='word_1_419' title='bbox 869 3347 944 3398; x_wconf 90' lang='lat' dir='ltr'><strong>Idem</strong></span> <span class='ocrx_word' id='word_1_420' title='bbox 953 3347 1030 3398; x_wconf 88' lang='lat' dir='ltr'><strong>etiam</strong></span> <span class='ocrx_word' id='word_1_421' title='bbox 1038 3347 1168 3398; x_wconf 85' lang='lat' dir='ltr'><strong>Homerus</strong></span> <span class='ocrx_word' id='word_1_422' title='bbox 1177 3349 1242 3401; x_wconf 87' lang='lat' dir='ltr'><strong>ibid.</strong></span> 
     </span>
     <span class='ocr_line' id='line_1_42' title="bbox 171 3423 1240 3492; baseline -0.006 -11"><span class='ocrx_word' id='word_1_423' title='bbox 171 3435 204 3481; x_wconf 67' lang='lat' dir='ltr'><strong>A!</strong></span> <span class='ocrx_word' id='word_1_424' title='bbox 221 3429 455 3492; x_wconf 67' lang='lat' dir='ltr'><strong>Seriemtsxtilibss]</strong></span> <span class='ocrx_word' id='word_1_425' title='bbox 471 3427 593 3492; x_wconf 79' lang='lat' dir='ltr'><strong>Strsguls</strong></span> <span class='ocrx_word' id='word_1_426' title='bbox 610 3431 671 3476; x_wconf 90' lang='lat' dir='ltr'><strong>sunt</strong></span> <span class='ocrx_word' id='word_1_427' title='bbox 710 3430 801 3474; x_wconf 88' lang='lat' dir='ltr'><strong>narrat</strong></span> <span class='ocrx_word' id='word_1_428' title='bbox 822 3423 916 3490; x_wconf 86' lang='lat' dir='ltr'><strong>quibus</strong></span> <span class='ocrx_word' id='word_1_429' title='bbox 944 3423 1018 3473; x_wconf 91' lang='lat' dir='ltr'><strong>donis</strong></span> <span class='ocrx_word' id='word_1_430' title='bbox 1042 3432 1069 3474; x_wconf 92' lang='lat' dir='ltr'><strong>et</strong></span> <span class='ocrx_word' id='word_1_431' title='bbox 1091 3426 1240 3475; x_wconf 88' lang='lat' dir='ltr'><strong>muneribus</strong></span> 
     </span>
     <span class='ocr_line' id='line_1_43' title="bbox 141 3499 1240 3572; baseline -0.004 -16"><span class='ocrx_word' id='word_1_432' title='bbox 141 3505 256 3557; x_wconf 83' lang='lat' dir='ltr'><strong>texendo</strong></span> <span class='ocrx_word' id='word_1_433' title='bbox 275 3503 356 3566; x_wconf 79' lang='lat' dir='ltr'><strong>facts,</strong></span> <span class='ocrx_word' id='word_1_434' title='bbox 375 3518 434 3572; x_wconf 70' lang='lat' dir='ltr'><strong>qum</strong></span> <span class='ocrx_word' id='word_1_435' title='bbox 453 3502 499 3553; x_wconf 85' lang='lat' dir='ltr'><strong>et‘</strong></span> <span class='ocrx_word' id='word_1_436' title='bbox 510 3502 671 3568; x_wconf 76' lang='lat' dir='ltr'><strong>Babylonico</strong></span> <span class='ocrx_word' id='word_1_437' title='bbox 711 3502 830 3567; x_wconf 85' lang='lat' dir='ltr'><strong>Ulyssem</strong></span> <span class='ocrx_word' id='word_1_438' title='bbox 842 3501 979 3552; x_wconf 81' lang='lat' dir='ltr'><strong>donaverit</strong></span> <span class='ocrx_word' id='word_1_439' title='bbox 987 3499 1125 3562; x_wconf 68' lang='lat' dir='ltr'><strong>Alcinoum</strong></span> <span class='ocrx_word' id='word_1_440' title='bbox 1136 3501 1180 3568; x_wconf 86' lang='lat' dir='ltr'><strong>qui</strong></span> <span class='ocrx_word' id='word_1_441' title='bbox 1188 3501 1240 3552; x_wconf 89' lang='lat' dir='ltr'><strong>eid.</strong></span> 
     </span>
     <span class='ocr_line' id='line_1_44' title="bbox 141 3577 1241 3647; baseline -0.003 -16"><span class='ocrx_word' id='word_1_442' title='bbox 141 3579 340 3647; x_wconf 64' lang='lat' dir='ltr'><strong>peristromsts!</strong></span> <span class='ocrx_word' id='word_1_443' title='bbox 711 3577 798 3641; x_wconf 74' lang='lat' dir='ltr'><strong>Ulyssi</strong></span> <span class='ocrx_word' id='word_1_444' title='bbox 820 3577 925 3628; x_wconf 78' lang='lat' dir='ltr'><strong>abeunti</strong></span> <span class='ocrx_word' id='word_1_445' title='bbox 944 3577 1070 3641; x_wconf 90' lang='lat' dir='ltr'><strong>superbas</strong></span> <span class='ocrx_word' id='word_1_446' title='bbox 1088 3586 1183 3642; x_wconf 84' lang='lat' dir='ltr'><strong>restes,</strong></span> <span class='ocrx_word' id='word_1_447' title='bbox 1202 3579 1241 3628; x_wconf 88' lang='lat' dir='ltr'><strong>in·</strong></span> 
     </span>
     <span class='ocr_line' id='line_1_45' title="bbox 172 3652 1241 3719; baseline -0.007 -11"><span class='ocrx_word' id='word_1_448' title='bbox 172 3657 319 3708; x_wconf 68' lang='lat' dir='ltr'><strong>ntentans·</strong></span> <span class='ocrx_word' id='word_1_449' title='bbox 336 3653 444 3719; x_wconf 78' lang='lat' dir='ltr'><strong>msam]</strong></span> <span class='ocrx_word' id='word_1_450' title='bbox 467 3654 604 3704; x_wconf 76' lang='lat' dir='ltr'><strong>Pheneum</strong></span> <span class='ocrx_word' id='word_1_451' title='bbox 624 3667 671 3702; x_wconf 84' lang='lat' dir='ltr'><strong>rex</strong></span> <span class='ocrx_word' id='word_1_452' title='bbox 711 3661 816 3716; x_wconf 74' lang='lat' dir='ltr'><strong>gentem</strong></span> <span class='ocrx_word' id='word_1_453' title='bbox 829 3652 968 3718; x_wconf 86' lang='lat' dir='ltr'><strong>tripodem,</strong></span> <span class='ocrx_word' id='word_1_454' title='bbox 983 3667 1104 3718; x_wconf 71' lang='lat' dir='ltr'><strong>magnum</strong></span> <span class='ocrx_word' id='word_1_455' title='bbox 1117 3653 1241 3716; x_wconf 80' lang='lat' dir='ltr'><strong>lebetem,</strong></span> 
     </span>
     <span class='ocr_line' id='line_1_46' title="bbox 140 3727 1240 3796; baseline -0.005 -14"><span class='ocrx_word' id='word_1_456' title='bbox 140 3731 191 3783; x_wconf 81' lang='lat' dir='ltr'><strong>init</strong></span> <span class='ocrx_word' id='word_1_457' title='bbox 208 3731 342 3794; x_wconf 87' lang='lat' dir='ltr'><strong>Alcinoiis,</strong></span> <span class='ocrx_word' id='word_1_458' title='bbox 356 3731 430 3794; x_wconf 86' lang='lat' dir='ltr'><strong>cujus</strong></span> <span class='ocrx_word' id='word_1_459' title='bbox 449 3729 609 3793; x_wconf 78' lang='lat' dir='ltr'><strong>opulentiam</strong></span> <span class='ocrx_word' id='word_1_460' title='bbox 625 3728 670 3778; x_wconf 88' lang='lat' dir='ltr'><strong>lib.</strong></span> <span class='ocrx_word' id='word_1_461' title='bbox 711 3729 870 3796; x_wconf 86' lang='lat' dir='ltr'><strong>multumque</strong></span> <span class='ocrx_word' id='word_1_462' title='bbox 881 3729 937 3778; x_wconf 86' lang='lat' dir='ltr'><strong>nuri</strong></span> <span class='ocrx_word' id='word_1_463' title='bbox 949 3735 977 3778; x_wconf 90' lang='lat' dir='ltr'><strong>et</strong></span> <span class='ocrx_word' id='word_1_464' title='bbox 988 3729 1088 3793; x_wconf 75' lang='lat' dir='ltr'><strong>argenti</strong></span> <span class='ocrx_word' id='word_1_465' title='bbox 1100 3727 1189 3778; x_wconf 82' lang='lat' dir='ltr'><strong>dedit:</strong></span> <span class='ocrx_word' id='word_1_466' title='bbox 1204 3728 1240 3776; x_wconf 86' lang='lat' dir='ltr'><strong>sd</strong></span> 
     </span>
     <span class='ocr_line' id='line_1_47' title="bbox 142 3801 1239 3872; baseline -0.005 -14"><span class='ocrx_word' id='word_1_467' title='bbox 142 3822 194 3858; x_wconf 82' lang='grc' dir='ltr'><strong>ιιι.</strong></span> <span class='ocrx_word' id='word_1_468' title='bbox 219 3807 347 3872; x_wconf 84' lang='lat' dir='ltr'><strong>Odyssere</strong></span> <span class='ocrx_word' id='word_1_469' title='bbox 365 3806 508 3858; x_wconf 86' lang='lat' dir='ltr'><strong>celebrsvit</strong></span> <span class='ocrx_word' id='word_1_470' title='bbox 524 3807 671 3866; x_wconf 56' lang='lat' dir='ltr'><strong>Homerum</strong></span> <span class='ocrx_word' id='word_1_471' title='bbox 710 3818 768 3868; x_wconf 78' lang='lat' dir='ltr'><strong>qum</strong></span> <span class='ocrx_word' id='word_1_472' title='bbox 788 3819 896 3854; x_wconf 84' lang='lat' dir='ltr'><strong>mnners</strong></span> <span class='ocrx_word' id='word_1_473' title='bbox 913 3803 1018 3854; x_wconf 82' lang='lat' dir='ltr'><strong>ridetur</strong></span> <span class='ocrx_word' id='word_1_474' title='bbox 1040 3801 1155 3854; x_wconf 88' lang='lat' dir='ltr'><strong>alludere</strong></span> <span class='ocrx_word' id='word_1_475' title='bbox 1174 3801 1239 3853; x_wconf 86' lang='lat' dir='ltr'><strong>Pro·</strong></span> 
     </span>
     <span class='ocr_line' id='line_1_48' title="bbox 138 3879 818 3948; baseline -0.003 -16"><span class='ocrx_word' id='word_1_476' title='bbox 138 3883 309 3948; x_wconf 86' lang='lat' dir='ltr'><strong>inprimisque</strong></span> <span class='ocrx_word' id='word_1_477' title='bbox 320 3883 374 3946; x_wconf 86' lang='lat' dir='ltr'><strong>ejus</strong></span> <span class='ocrx_word' id='word_1_478' title='bbox 390 3881 461 3931; x_wconf 75' lang='lat' dir='ltr'><strong>edes</strong></span> <span class='ocrx_word' id='word_1_479' title='bbox 472 3879 671 3946; x_wconf 72' lang='lat' dir='ltr'><strong>magnificentis-</strong></span> <span class='ocrx_word' id='word_1_480' title='bbox 709 3881 818 3945; x_wconf 83' lang='lat' dir='ltr'><strong>pertine.</strong></span> 
     </span>
     <span class='ocr_line' id='line_1_49' title="bbox 140 3957 670 4022; baseline -0.008 -12"><span class='ocrx_word' id='word_1_481' title='bbox 140 3960 204 4011; x_wconf 90' lang='lat' dir='ltr'><strong>sime</strong></span> <span class='ocrx_word' id='word_1_482' title='bbox 225 3965 339 4010; x_wconf 82' lang='lat' dir='ltr'><strong>structas</strong></span> <span class='ocrx_word' id='word_1_483' title='bbox 359 3957 459 4022; x_wconf 85' lang='lat' dir='ltr'><strong>laudat,</strong></span> <span class='ocrx_word' id='word_1_484' title='bbox 478 3965 506 4008; x_wconf 90' lang='lat' dir='ltr'><strong>et</strong></span> <span class='ocrx_word' id='word_1_485' title='bbox 524 3957 620 4020; x_wconf 86' lang='lat' dir='ltr'><strong>lrortos,</strong></span> <span class='ocrx_word' id='word_1_486' title='bbox 641 3961 670 4006; x_wconf 88' lang='lat' dir='ltr'><strong>et</strong></span> 
     </span>
    </p>
   </div>
   <div class='ocr_carea' id='block_1_8' title="bbox 0 0 1462 4764">
    <p class='ocr_par' dir='ltr' id='par_1_8' title="bbox 0 0 1462 4764">
     <span class='ocr_line' id='line_1_50' title="bbox 0 0 1462 4764; baseline 0 4"><span class='ocrx_word' id='word_1_487' title='bbox 0 0 1462 4764; x_wconf 95' lang='lat' dir='ltr'><strong> </strong></span> 
     </span>
    </p>
   </div>
  </div>
 </body>
</html>
