2920 4770
210 293 255 360 2⁰
657 307 868 358 cabrario.

212 451 301 516 enim
324 451 509 516 admodum
532 451 679 537 corrupti
702 458 779 517 sunt
805 470 846 517 ac
869 456 1031 534 praeterea
1052 451 1227 536 recentes),
1254 454 1315 518 sed

206 553 378 617 bonorum
392 559 502 619 tamen
524 573 565 618 ec
587 553 806 636 genuinomm
827 571 1000 618 nnmerum
1016 571 1090 617 esse
1104 552 1315 636 referendos;

213 661 345 720 ceteros
360 663 484 734 autem,
499 657 623 739 quibus
636 656 689 720 illi
703 656 757 720 usi
770 659 859 733 sunt,
870 675 1043 720 numerum
1056 655 1168 720 facere
1185 675 1314 735 eorum,

213 757 394 840 scripturas
416 763 528 823 eutem
548 756 653 823 nihilo
675 757 846 842 majorem,
861 777 964 841 quam
977 757 1124 822 virorum
1138 756 1315 823 doctorum

213 857 449 937 divinationes,
480 860 716 930 auctoritatem
743 859 890 924 heberei
943 855 1110 935 ceterum,
1137 876 1214 923 eum
1243 867 1315 924 tam

212 959 311 1023 multi
325 977 369 1023 ex
380 960 446 1026 boc
461 959 637 1026 deterrimo
646 979 764 1043 genere
779 957 917 1026 codices
932 957 1048 1024 collati
1062 957 1139 1034 sint,
1153 962 1315 1024 uteorum

211 1059 414 1126 lectionibus
430 1059 505 1146 jam
527 1061 571 1127 ad
593 1061 771 1128 fastidium
793 1079 904 1151 usque
926 1059 1070 1124 saturati
1085 1059 1315 1136 simus,nemo

212 1161 305 1241 mihi,
319 1167 357 1228 ut
370 1165 500 1247 opinor,
513 1164 598 1229 vitio
613 1169 730 1242 vertet,
743 1162 845 1247 quod,
866 1181 931 1227 uno
952 1166 1094 1239 tantum,
1108 1160 1167 1225 sed
1183 1180 1225 1226 eo
1239 1164 1314 1246 qui-

213 1263 300 1328 dem·
306 1265 453 1349 perbono
462 1265 590 1344 codice,
599 1271 678 1349 post
694 1263 879 1330 Nicolaum
887 1263 1069 1330 Heinsium
1083 1267 1204 1341 tamem
1218 1283 1314 1344 usus,

212 1365 307 1444 alios,
319 1383 385 1430 non
398 1366 587 1432 rationibus
602 1365 713 1430 solum
728 1384 769 1431 ae
779 1363 1001 1432 facultatibus
1015 1364 1099 1431 meis
1111 1366 1315 1449 vetantibus,

212 1467 274 1534 sed
289 1469 392 1534 etiam
405 1467 599 1534 dehortante
623 1467 797 1552 sperandae
818 1466 974 1532 utilitatis
997 1465 1215 1548 cogitatione,
1230 1469 1314 1534 nihil

212 1570 376 1654 quasivi;
398 1589 542 1655 quorum
556 1567 772 1653 quantumvis
790 1587 912 1651 magna
933 1567 1038 1635 lateat
1050 1565 1085 1631 in
1099 1566 1315 1636 bibliothecis

212 1673 323 1756 copia,
345 1678 477 1738 tantum
498 1689 567 1736 non
587 1689 706 1736 omnes
731 1689 777 1734 ex
800 1669 966 1736 Italorum
988 1667 1123 1762 officina
1145 1671 1314 1752 prodiisse

143 1745 160 1774 ⁶
211 1771 277 1837 boc
300 1778 495 1855 argumemn
522 1771 689 1857 conjicio;
711 1770 803 1855 quod
824 1771 919 1835 illam
940 1769 1209 1837 Tibullianorum
1222 1773 1314 1839 codi-

212 1892 290 1938 cum
311 1871 401 1937 haud
423 1891 565 1956 parram
586 1891 666 1938 sane
689 1872 948 1951 multitudinem,
971 1891 994 1937 a
1015 1871 1213 1939 doctissimo
1241 1875 1315 1941 viro

210 1975 235 2040 J
236 1993 342 2041 caune
357 1971 508 2040 Henrico
518 1973 647 2040 Vossio
656 1973 891 2059 undecumque
906 1973 1119 2056 conductam,
1131 1995 1229 2060 paene
1243 1995 1315 2042 om·

210 2094 287 2141 nem
309 2074 510 2142 soedissimis
534 2075 698 2142 Italorum
719 2076 1037 2162 interpolationibus
1055 2078 1314 2146 contaminatam

211 2194 372 2255 assensu
388 2184 425 2243 et
437 2179 589 2244 examine
604 2179 759 2244 instituto
773 2179 932 2264 comperi.

255 2278 336 2357 Sed,
350 2280 508 2362 quoniam
528 2278 614 2344 banc
635 2299 707 2346 rem
721 2279 900 2358 movimus,
908 2279 984 2366 jure
999 2279 1136 2345 anobis
1149 2281 1315 2365 postulari

211 2379 354 2460 videtur,
368 2388 405 2449 ut
427 2381 579 2464 singulis,
603 2401 690 2468 quos
712 2382 879 2466 Propertii
898 2381 1043 2448 editores
1058 2390 1315 2467 usurpaverunt,

211 2483 477 2568 codicibusque
491 2483 577 2550 tides
590 2483 769 2552 tribuenda
781 2483 837 2566 sit,
849 2490 1007 2551 accurate
1021 2483 1231 2572 exponamus
1238 2506 1248 2568 ;
1269 2506 1314 2552 ne

211 2585 257 2662 hi,
272 2587 332 2671 qui
352 2586 440 2652 huuc
463 2585 602 2671 po'etam
619 2588 745 2672 legunt,
770 2605 793 2653 a
817 2587 955 2668 criticis,
975 2586 1126 2654 recentia
1146 2606 1208 2672 pro
1229 2589 1315 2655 anti·

211 2686 383 2771 quissimis
391 2689 561 2754 venditare
572 2690 752 2767 consuetis,
760 2689 902 2756 ulterius
913 2689 1027 2774 decipi
1041 2709 1116 2755 sese
1129 2688 1313 2774 patiuntur,

211 2794 272 2854 aut
284 2789 363 2873 ipsi,
379 2791 409 2855 si
423 2789 563 2856 codices
577 2790 726 2875 scriptos
740 2789 897 2856 adhibere
909 2790 1023 2870 velint,
1039 2792 1110 2857 reri
1123 2791 1316 2874 ignorantia

210 2889 247 2953 in
268 2909 412 2956 errorem
433 2891 594 2958 incidant.
638 2891 741 2971 Nam,
763 2911 842 2958 cnm
864 2911 980 2958 omnes
1002 2891 1081 2958 libri
1096 2891 1315 2977 Propertiani

210 2999 362 3058 recentes
376 2993 455 3070 sint,
467 3013 567 3058 nemo
582 3013 740 3079 unquam,
753 2995 815 3080 qui
829 3000 977 3062 veterem
992 3012 1035 3060 ae
1048 2994 1227 3078 genuinam
1242 2995 1314 3060 lec·

210 3095 336 3160 tionem
349 3095 543 3174 exhibeant,
565 3095 747 3180 intelligere
760 3097 898 3181 poterit,
911 3096 977 3162 nisi
992 3115 1052 3162 eos
1065 3115 1144 3162 cum
1157 3096 1257 3162 bonis
1272 3117 1314 3164 ae

208 3196 353 3261 nocens
365 3195 561 3282 plemmque
579 3195 691 3264 facere
704 3183 908 3284 compererit
953 3195 1050 3264 Certe
1073 3197 1192 3264 eodem
1213 3197 1314 3263 modo

210 3303 244 3362 et
258 3317 322 3363 nos
336 3318 483 3384 quoque,
498 3298 588 3378 dum,
612 3299 672 3383 qui
694 3300 773 3365 libri
794 3301 880 3365 inter
901 3319 939 3366 se
960 3301 1200 3384 conspirarent,
1215 3299 1315 3366 dissi-

211 3385 327 3463 derent
352 3417 375 3464 a
395 3398 548 3482 reliquis,
564 3400 624 3486 qui
648 3405 766 3485 aperta
788 3420 908 3466 manus
923 3399 1155 3467 emendatricis
1169 3401 1314 3486 vestigia

211 3504 369 3578 tenerent,
385 3501 509 3584 quibus
530 3501 743 3568 librariorum
767 3502 909 3568 stultitia
931 3509 1062 3568 tantum
1075 3509 1111 3568 et
1125 3503 1313 3582 oscitantia,

209 3619 279 3664 non
298 3607 521 3668 correctorum
544 3602 689 3669 audacia
710 3605 896 3684 nocuisset,
916 3604 1224 3685 animadvertimus,
1245 3625 1314 3670 non

210 3700 351 3782 difficili,
365 3703 426 3768 sed
449 3705 595 3772 taediosa
615 3726 727 3792 opera,
748 3707 783 3772 iu
804 3713 914 3773 utram
927 3707 1074 3798 classem
1088 3707 1213 3791 singuli
1228 3711 1312 3774 rele-

209 3806 307 3870 rendi
330 3811 456 3883 essent,
478 3801 719 3890 indagavimus.
762 3807 916 3874 Eandem
937 3815 1054 3874 antem
1075 3827 1214 3892 operam
1236 3807 1312 3889 hos,

211 3908 270 3990 qui
285 3907 327 3973 de
342 3907 465 3974 nostris
480 3907 602 3974 studiis
613 3908 768 3994 judicare
778 3909 903 3988 volant,
919 3907 1107 3994 impendere
1119 3910 1310 3993 oportebit:

211 4017 410 4092 argumenta,
425 4011 549 4096 quibus
564 4011 657 4077 ducti
680 4012 821 4096 ungulis
842 4011 937 4078 libris
959 4011 1071 4078 locum
1092 4030 1192 4076 snum
1205 4013 1311 4094 assig-

211 4112 376 4192 navimus,
391 4133 451 4198 per
467 4120 575 4182 totum
590 4133 678 4200 opus
693 4113 848 4200 dispersa
862 4114 1039 4182 invenient
1071 4113 1182 4180 Multo
1195 4121 1311 4180 autem
