2920 4770
206 293 251 358 ti
480 308 566 358 snx.
589 309 680 360 rua.
704 309 906 361 raonunrrr
932 310 1021 357 vrrs

205 416 313 535 putet,
329 451 378 516 ita
395 451 465 517 vim
477 453 573 518 vocis
595 453 749 538 ‘imperii
763 449 913 535 accepti'
935 470 1001 515 non
1015 449 1099 516 satis
1115 450 1300 518 exhauriri:

207 570 284 617 nem
298 551 408 616 solent
422 553 542 637 optimi
554 554 736 637 scriptores
748 559 783 618 et
791 553 904 618 Greci
917 557 951 616 et
964 551 1039 616 Lat.
1053 553 1102 617 ita
1115 553 1219 636 loqui.
1243 551 1302 617 Sic

207 653 453 718 aentonico
474 654 594 721 saltem
612 654 647 718 in
666 655 753 719 banc
765 671 835 718 rem
849 658 923 718 utar
938 653 1106 735 exemplo,
1128 651 1301 718 Lucienus

208 751 243 824 in
270 752 418 837 Apolog.
447 775 509 839 pro
534 757 689 823 mercede
719 755 905 821 Conductis
922 755 964 819 Τ.
990 771 1015 822 ι.
1042 772 1077 836 p.
1095 753 1171 822 721.
1196 772 1226 820 c.
1246 755 1302 820 12.

207 853 336 936 publici
349 856 479 939 imperii
492 877 529 922 se
539 858 736 942 participem
743 857 882 933 iactum,
896 875 924 920 s.
932 856 1065 939 publice
1074 854 1109 918 in
1119 855 1302 928 maxinmru

208 961 339 1040 partem
353 957 483 1040 imperii
496 978 533 1024 se
545 959 685 1036 venisse,
697 955 832 1042 (δημοσίᾳ
846 961 894 1032 τῆς
901 954 1038 1041 asylum
1052 959 1145 1043 ἀρχῆς
1159 959 1303 1036 κοινωνεῖν)

209 1055 334 1134 scribit,
343 1073 420 1124 enm
426 1065 557 1124 tautum
565 1079 692 1137 eornm,
705 1080 782 1143 quae
796 1061 979 1142 agebantur
992 1061 1027 1124 in
1037 1057 1189 1141 judiciis,
1200 1057 1302 1126 com-

208 1157 387 1224 mentarios
401 1159 594 1227 scribendos
620 1168 762 1238 curaret,
777 1168 812 1225 et
834 1160 969 1226 decreta
989 1159 1184 1242 reponenda
1195 1159 1303 1228 trade·

208 1261 270 1328 ret.
313 1256 481 1324 Memorat
495 1261 614 1343 Elegia
627 1262 657 1326 6.
672 1262 823 1344 inprimis
837 1259 989 1328 Athenas
1005 1269 1040 1328 et
1053 1259 1186 1326 Asiam.
1219 1259 1304 1326 Cum

209 1374 289 1422 vero
298 1358 416 1440 Elegia
430 1362 556 1444 scripta
570 1381 645 1426 esse
660 1361 780 1428 debeat
793 1363 879 1427 intra
893 1377 999 1426 annos
1016 1363 1047 1425 5.
1067 1380 1186 1444 nempe
1201 1361 1304 1426 abd.

208 1457 283 1522 721.
305 1479 373 1543 quo
387 1461 505 1530 Tullus
527 1463 635 1546 ipsius
649 1469 788 1547 patruus
807 1462 923 1528 consul
937 1461 1010 1541 tuit,
1032 1467 1192 1544 computo
1213 1463 1304 1527 insti·

208 1565 294 1638 tuto,
308 1561 352 1626 ad
366 1560 409 1627 A.
424 1563 468 1628 U.
488 1564 564 1630 724.
585 1584 654 1648 quo
666 1565 786 1630 librum
809 1565 953 1648 primurn
966 1582 1027 1628 nos
1044 1563 1221 1628 statuimus
1235 1563 1304 1628 edi-

209 1667 290 1738 tum,
304 1665 452 1730 exoritur
463 1665 619 1749 questio,
634 1683 809 1749 quamnam
823 1665 868 1729 ob
882 1681 1032 1741 causan,
1047 1671 1082 1730 et
1094 1663 1151 1728 oui
1167 1662 1304 1729 Octavi·

208 1779 296 1828 anns
309 1764 353 1828 ad
367 1764 505 1832 Actium
518 1769 624 1832 victor
637 1767 801 1849 singulare
823 1765 1001 1849 imperinm
1021 1767 1057 1828 iu
1072 1762 1194 1830 Asiam
1207 1763 1306 1828 dade-

211 1864 266 1941 rit,
281 1866 379 1948 cnjus
394 1867 482 1932 inter
495 1869 634 1936 comites
649 1869 766 1934 Tullus
775 1868 912 1952 juvenis
927 1887 1003 1934 esse
1018 1866 1171 1950 potuerit
1214 1865 1236 1930 J
1239 1885 1305 1944 am,

211 1985 402 2050 quanquam
415 1969 572 2036 libentius
588 1972 632 2036 ab
647 1971 725 2036 aliis
747 1971 859 2036 doceri
878 1971 954 2054 ipse
966 1969 1078 2045 uelim,
1094 1978 1216 2046 tamen,
1230 1987 1307 2035 cnm

210 2084 264 2138 tes
275 2069 390 2134 bomin
404 2089 562 2136 annorum
573 2073 854 2156 circumspicienti
864 2091 931 2138 non
947 2072 1016 2138 alia
1030 2072 1097 2136 buc
1109 2070 1236 2136 faciens
1251 2087 1308 2135 ec-

211 2174 332 2247 cnrrat,
346 2190 447 2254 qaam
461 2175 565 2240 turbra
579 2175 648 2240 illae
661 2175 879 2258 gladiatoria,
895 2173 940 2238 ad
955 2192 1041 2257 quas
1060 2170 1308 2256 componendas

212 2267 328 2336 Caesar
341 2271 549 2340 Octavianus
565 2275 747 2342 Messalam
762 2275 806 2344 A.
822 2275 868 2340 U.
882 2277 957 2342 724.
979 2274 1081 2352 misit,
1094 2290 1160 2338 non
1177 2271 1308 2336 dubitu-

211 2389 287 2438 mua
298 2391 360 2438 eas
382 2393 403 2436 e
419 2373 527 2440 Dione
541 2377 563 2440 l.
579 2396 609 2441 c.
623 2377 765 2442 breviter
790 2395 1057 2454 commemorare,
1072 2375 1102 2440 si
1122 2375 1207 2440 forte
1227 2392 1308 2438 oen·

209 2472 343 2560 iectura
357 2482 474 2542 nostra
484 2478 597 2560 peritis
608 2483 642 2544 et
649 2478 757 2561 aquis
765 2477 882 2544 barum
896 2497 1004 2542 rurum
1014 2477 1145 2542 arbitris
1153 2473 1308 2540 arrideat.

212 2573 379 2643 Antonius
392 2577 557 2658 nimirum,
569 2580 718 2645 victoria
729 2599 800 2646 snoe
814 2579 856 2644 de
866 2578 1000 2644 Caesare
1011 2575 1228 2666 deportandae
1238 2593 1308 2640 cer-

215 2681 281 2756 ms,
296 2679 338 2743 ad
347 2677 448 2744 ludos
458 2680 684 2764 triumphales,
694 2701 779 2765 qnos
788 2701 825 2747 se
838 2681 1007 2746 iacturum
1015 2680 1183 2763 sperabat,
1192 2676 1310 2760 Cyzici

213 2799 368 2863 magnam
383 2781 604 2862 gladiatorum
618 2803 749 2848 manum
764 2784 905 2860 aluerat,
918 2781 1203 2864 exercendamque
1213 2797 1310 2846 cura·

215 2889 321 2950 verat.
347 2881 575 2968 Posteaquam
583 2885 681 2967 igitur
691 2885 748 2950 isti
759 2883 911 2950 homines
922 2881 1311 2966 cognorantAntoninrn,

213 2982 307 3067 apud
326 2981 462 3048 Actium
475 2983 638 3066 fugatum,
654 2986 775 3051 deinde
798 2988 833 3054 in
846 2987 1029 3070 AEgyptnm
1047 2984 1250 3065 confugisse,
1266 2981 1313 3068 ad¹

213 3082 381 3150 terendum
405 3084 473 3168 ipsi
499 3086 661 3152 auxilinm
683 3088 749 3154 iter
770 3094 999 3171 susceperant,
1026 3107 1066 3152 ao
1080 3085 1183 3152 varus
1204 3083 1311 3149 turbis

213 3205 272 3270 per
286 3187 397 3252 varias
416 3185 511 3252 Asia
527 3190 730 3272 provincias,
745 3189 915 3256 Galatiam
936 3189 1081 3253 maxime
1096 3192 1129 3251 et
1143 3185 1310 3264 Ciliciam,

217 3287 387 3364 excitatis,
412 3288 549 3352 tandem
577 3289 612 3354 in
635 3289 764 3374 Syriam
784 3295 1033 3366 concesserant,
1057 3288 1118 3352 nbi
1143 3285 1187 3364 Q.
1204 3283 1310 3352 Didio

216 3384 324 3468 Syriae
337 3387 497 3470 praelecto
509 3408 551 3454 ea
565 3409 640 3456 sese
654 3390 853 3458 dediderant
859 3389 1068 3466 conditione,
1078 3397 1118 3452 nt
1130 3407 1172 3453 ue
1186 3387 1311 3470 gladia·

218 3493 306 3554 tores
320 3489 462 3570 posthac
478 3497 599 3570 esseut,
611 3501 715 3576 utque
730 3493 899 3577 Daphnen
907 3491 1100 3557 Antiocbiae
1116 3489 1313 3554 suburbium

215 3588 496 3656 eisbebitandnm
518 3595 723 3674 concederet,
738 3595 844 3661 donec
859 3593 988 3659 Caesari
1009 3613 1052 3657 ea
1072 3611 1124 3656 res
1145 3588 1312 3672 significa·

216 3695 316 3755 retur.
361 3691 411 3754 Hi
425 3693 559 3777 quidem
573 3695 781 3777 gladiatores,
798 3695 891 3761 addit
902 3695 979 3770 Dio,
990 3700 1111 3778 postea
1124 3711 1146 3756 a
1161 3691 1313 3756 Messala

217 3789 361 3875 decepti,
381 3793 440 3858 alii
461 3795 531 3870 alio
553 3795 693 3876 dimissi,
715 3798 814 3882 qnasi
836 3797 1020 3878 legionibus
1049 3790 1246 3869 ascribendi,
1272 3811 1313 3858 ac

216 3911 278 3978 per
305 3897 515 3962 occasionem
536 3898 698 3966 interfecti
727 3907 816 3968 sunt.
860 3898 951 3975 Jam,
979 3897 1041 3962 etsi
1064 3894 1217 3962 Messala
1242 3900 1314 3962 tum

218 3997 379 4079 temporis
393 4013 461 4061 non
475 3998 551 4081 ipse
568 3997 688 4066 Βοωω
701 4000 774 4079 suit,
787 3999 899 4084 potnit
911 4005 1021 4062 tamen
1046 4015 1088 4060 ea
1106 4013 1160 4060 res
1173 3994 1222 4058 ibi
1236 3999 1314 4057 nota

218 4093 345 4176 tieri,ct
357 4104 438 4183 post
451 4117 596 4182 pugnam
607 4099 797 4181 Actiacam,
808 4119 885 4166 cnm
899 4101 971 4185 ipse
983 4096 1154 4182 Augustus
1167 4093 1314 4162 initalia
