2920 4770
220 311 266 380 on
528 323 757 378 rnsrrnomn
783 325 828 374 nr
850 321 1003 374 sumum

541 534 636 600 num
652 531 806 620 moyn.
823 549 857 595 v.
872 531 903 596 1.
920 531 996 598 ιιι.

263 673 429 758 Pompam
442 671 552 748 biorn,
563 687 664 754 quem
676 668 742 732 sibi
758 673 868 732 nmen
882 685 950 732 non
964 665 1085 752 posuit,
1101 641 1312 751 pulobre'de-

220 775 334 841 scribit
346 773 593 840 amoenissimus
608 769 728 849 Potito,
745 771 952 856 Propertius
965 784 1006 834 ιι.
1022 769 1074 834 13.

548 889 979 1008 lenesmontem.

261 1074 419 1155 Quotuor
440 1093 562 1159 genero
581 1073 823 1138 divinationum
840 1077 1069 1138 enumerantur
1091 1088 1113 1135 u
1132 1067 1310 1153 Propertio

218 1193 267 1242 iv.
277 1179 309 1242 1.
342 1176 413 1256 Qui
426 1177 516 1242 liber
524 1173 668 1243 ostendit
681 1181 824 1259 quuutus
832 1172 936 1258 posu
946 1173 1153 1258 Propertius,
1164 1176 1314 1256 quantus.

217 1285 333 1346 auctor
345 1279 456 1345 t'uerit.

259 1379 340 1446 Hoc
354 1398 466 1463 neque
481 1396 656 1443 arenosum
669 1376 790 1461 Libyci
801 1375 825 1442 J
826 1377 902 1444 ouis
916 1377 1064 1460 explicet
1077 1382 1221 1454 antrum,

244 1492 256 1514 ‘
302 1480 375 1546 Aut
386 1480 452 1545 sibi
467 1479 662 1545 commissos
676 1477 761 1544 fibra
774 1479 889 1544 loeute
904 1479 1008 1543 Deos.

257 1582 330 1648 Aut
344 1583 374 1647 si
389 1582 464 1666 quis
478 1585 588 1647 motos
603 1581 748 1646 cornicis
764 1581 904 1646 senserit
917 1580 1002 1657 elus,

300 1681 494 1767 Umbroque
507 1703 569 1748 noo
582 1682 723 1764 magieis
734 1689 872 1760 mortua,
888 1681 1117 1766 proditoque.

258 1782 338 1863 Quo
353 1785 429 1850 loeo
444 1784 559 1850 doceri
570 1801 770 1868 magnopere
785 1785 961 1867 cupiamus
980 1801 1058 1867 qum
1080 1781 1149 1846 sint
1165 1781 1306 1865 mugioae

214 1885 285 1952 illes
305 1905 413 1970 aqum,
429 1886 554 1969 quibus
575 1891 712 1968 cogatur
725 1885 843 1950 umbra
857 1890 997 1950 uenture
1011 1891 1072 1948 eut
1084 1883 1217 1949 occultu
1229 1902 1308 1967 pro·

214 1987 302 2053 dere.
351 1985 421 2052 Sed
451 1985 680 2051 dubitantibus
708 1985 884 2050 commode
899 2057 905 2066 ,
919 1985 1074 2051 subvenit
1102 1983 1308 2052 admirabilis

213 2087 384 2152 memoriae
406 2085 571 2171 Exegetes
594 2083 744 2150 Jounnes
768 2084 993 2163 Passeratius,
1008 2087 1080 2152 sine
1095 2085 1191 2171 eujus
1207 2084 1307 2151 Com·
1348 2108 1354 2114 ·

214 2187 452 2252 menturiisnon
463 2184 622 2251 suedeum
629 2184 806 2268 legendum
813 2185 909 2250 iilum
918 2189 1155 2254 suavissimum
1162 2186 1307 2271 potitam,

213 2287 294 2354 lieet
307 2285 444 2352 infinitis
458 2285 566 2351 udbue
579 2282 665 2350 loeis
679 2285 950 2354 iuemeunluturn.

213 2452 681 2533 GererdusJounn.Vossius‚
689 2453 765 2520 Lib.
775 2453 817 2520 de
826 2455 1153 2542 TemporibusPobt.
1161 2458 1306 2524 Lutinor.

256 2588 461 2674 Propertius,
477 2587 588 2672 petria
602 2588 742 2668 Umber,
756 2596 796 2654 ut
807 2589 884 2674 ipse
897 2592 1023 2670 scribit,
1037 2593 1178 2658 seruulus
1189 2589 1307 2657 Phile-

211 2693 256 2756 tm
271 2689 334 2755 Coi
348 2694 381 2754 et
400 2688 596 2756 Gutlimuebi
616 2689 781 2775 Cyrenaei,
795 2691 932 2758 undeet
946 2712 984 2758 se
999 2691 1191 2760 Remum
1206 2701 1306 2758 vocet

211 2789 461 2862 oulimeohum.
505 2789 726 2875 Conqueritur
748 2801 840 2858 etse
863 2793 1030 2860 excidisoe
1051 2796 1140 2879 egris
1153 2795 1305 2880 paternis

210 2891 246 2956 iu
257 2890 421 2956 divisione
431 2908 484 2970 ea,
497 2911 573 2975 qum
584 2895 647 2958 sub
655 2893 853 2961 'Priumviris
865 2895 957 2961 foetu
966 2896 1136 2962 militibus„
1173 2894 1305 2973 Pueliu,

210 3010 311 3074 quum
326 2989 505 3076 Cynthium
518 3000 629 3073 vocet,
641 3013 720 3060 vero
734 2997 866 3062 nomine
881 2996 1009 3062 Hostia
1021 3003 1075 3061 est
1087 2995 1190 3074 diotu,
1203 3005 1243 3062 ut
1257 3014 1303 3062 ex

209 3089 359 3176 Apuleio
372 3099 518 3160 constet.
556 3093 701 3162 Videtur
714 3104 828 3162 eutem
842 3097 949 3163 fuisse
962 3097 1034 3164 tiiiu
1048 3097 1177 3176 Hostii,
1189 3098 1247 3182 qui
1261 3097 1304 3162 (ie

209 3191 297 3258 bello
311 3191 434 3259 Istrieo
448 3195 597 3281 scripsit,
612 3205 651 3263 nt
666 3198 820 3282 superius
833 3200 983 3265 rentum.

357 3360 510 3432 Joennes
525 3363 679 3432 Isnoeius
695 3367 879 3449 Pontuuus,
893 3367 1047 3438 Aneleot.
1063 3384 1103 3434 ιι.
1117 3369 1152 3434 2.

253 3493 322 3560 Sed
335 3513 444 3579 puuso
456 3498 625 3584 paulisper
643 3517 666 3565 s
682 3497 809 3586 tragico
831 3501 898 3569 hoo
912 3524 1021 3588 opere,
1036 3509 1071 3569 et
1090 3502 1301 3587 Propertium

209 3601 392 3662 amatorem
402 3602 510 3664 vatem
520 3599 696 3684 intersero;
718 3602 779 3667 sed
789 3609 909 3682 vetem,
920 3605 969 3669 ite
983 3603 1095 3669 Musm
1108 3621 1164 3667 me
1179 3609 1301 3681 ament,

208 3693 351 3775 doctum,
365 3697 533 3779 disertum,
548 3701 770 3784 magnifieum.
813 3703 986 3770 Venustus
999 3721 1079 3769 vero
1093 3701 1145 3766 ilii
1159 3703 1247 3780 tuiis,
1261 3710 1301 3771 ut

208 3795 414 3863 eruditorum
436 3816 597 3866 consensu
613 3822 678 3868 nou
692 3803 791 3870 modo
813 3804 997 3888 prinoipem
1014 3824 1144 3889 semper
1165 3801 1300 3868 leudem

206 3897 375 3977 meruerit,
390 3898 451 3964 sed
469 3901 514 3966 ob
533 3904 733 3986 profundum
747 3923 880 3990 quoque
904 3907 1084 3973 literature
1105 3911 1301 3990 perpetuam

207 3995 467 4066 edmimtiouem.
1371 4002 1378 4021 '
