2920 4770
204 323 247 386 12
649 340 853 390 susurrio.

203 479 438 647 fitiamfiggregii
453 481 545 546 illius
558 479 762 564 Groninguni
786 482 906 546 amicte
928 481 1041 548 debuit
1055 482 1233 550 Schraderi
1247 485 1296 552 di·

228 599 288 662 gen
346 629 355 645 ·
1298 587 1304 604 ⁴
1432 607 1433 618 ¹

246 682 317 748 Sed
330 683 509 768 plurimum
522 685 725 769 proiecit‘ex
740 685 860 770 opibus
879 684 1089 764 Heiusianis,
1110 706 1203 771 quoe,
1217 688 1298 754 licet
1433 727 1434 730 =

202 801 269 848 non
283 803 408 863 ornnes,
421 786 589 869 pleraeque
604 793 715 852 temen
739 786 782 850 ad
804 805 881 851 eum
902 785 1069 852 devolutae
1091 795 1181 852 sunt.
1226 787 1296 853 Hae

203 894 280 952 suut
295 887 492 953 collationes
507 887 626 971 Angeli
642 886 780 964 Golotii,
802 892 835 952 et
856 889 1004 972 quinque
1019 887 1184 954 Codicum
1199 889 1296 955 Vati·

202 1007 372 1068 canorum,
387 995 422 1055 et
434 987 572 1054 Codicis
587 989 818 1074 Neapolitani,
841 990 899 1074 qui
923 989 1017 1055 adS.
1032 989 1199 1059 Ioannem
1214 989 1295 1056 Gar·
1436 978 1437 1018 ¹

202 1091 376 1155 bouarium
387 1097 469 1168 erat,
483 1111 568 1175 quas
584 1090 749 1156 Heinsius
760 1097 933 1157 notaverat
946 1091 989 1156 ad
1011 1091 1193 1157 editionem
1209 1091 1295 1177 Gry·
1437 1084 1438 1108 ¹

202 1190 272 1274 phii
287 1190 385 1256 1573.
429 1190 528 1256 Unde
548 1211 628 1257 vero
650 1193 865 1257 Burmannus
889 1191 1080 1259 Secundum
1101 1191 1296 1278 Neapolita·
1438 1203 1439 1208 ’

200 1311 279 1357 num
291 1294 476 1359 laudaverit
489 1293 533 1358 ud
549 1311 573 1359 1.
588 1293 689 1364 4.,18.
714 1311 736 1358 r.
750 1295 783 1360 9.
799 1295 851 1360 ra.
877 1295 1050 1362 112118
1075 1295 1224 1361 nondum
1245 1295 1294 1360 ln-

88 1425 91 1432 v
202 1393 321 1476 degere
336 1396 441 1477 potui.
486 1395 602 1480 Hujus
630 1402 741 1461 temen
763 1395 846 1462 cod.
862 1397 1024 1462 lectiones
1037 1397 1153 1462 nescio
1177 1415 1221 1460 an
1245 1397 1295 1461 in·

201 1496 374 1560 veniuntur
393 1497 428 1560 in
444 1493 617 1562 Vossiano
643 1495 827 1580 exemplari
851 1495 1062 1562 bibuotneeoe
1080 1500 1203 1560 nostrae
1219 1495 1296 1560 Lei·

202 1595 326 1675 densis,
348 1596 515 1664 Historia.
529 1617 565 1663 n.
578 1597 654 1663 418.

244 1697 313 1762 Sed
326 1699 409 1763 iuter
422 1699 541 1782 copias
553 1699 757 1764 Heinsianas
773 1698 889 1763 oculos
903 1699 938 1763 in
952 1717 990 1763 se
1001 1697 1220 1762 convertebat
1233 1717 1295 1762 ex·

199 1798 337 1883 emplar,
358 1799 448 1882 quod
466 1800 679 1866 Perreianum
692 1799 834 1878 vocabo,
856 1799 1012 1866 editionis
1027 1798 1161 1865 Aldinae
1175 1819 1296 1864 moun·

200 1899 255 1964 dre
270 1900 349 1965 anui
363 1901 461 1965 1515.
482 1921 526 1965 ex
540 1921 607 1985 qao
621 1920 696 1966 cum
710 1902 787 1986 plus
802 1900 882 1966 boni
896 1901 931 1965 in
948 1901 1169 1984 Propertium,
1191 1921 1294 1986 quam

200 2020 245 2066 ex
258 2001 397 2087 reliquis
413 2003 611 2080 redundarit,
633 2021 707 2084 ege,
729 2002 827 2087 quale
848 2002 931 2067 illud
955 2002 1010 2079 sit,
1031 2002 1136 2085 paulo
1159 2021 1296 2068 accura-

201 2103 267 2168 tius
280 2104 462 2170 cudamus.
507 2103 623 2188 Hujus
638 2110 750 2169 autem
772 2105 820 2167 rei
844 2102 1037 2168 facultatem
1049 2103 1142 2168 dedit
1153 2104 1294 2188 insignis

200 2204 396 2269 amicissimi
410 2205 552 2270 hominis
573 2223 652 2286 erga
672 2223 726 2268 me
740 2195 933 2281 liberalitas,
954 2221 1014 2287 per
1029 2222 1128 2287 quam
1150 2203 1217 2270 hoc
1240 2207 1295 2289 ip-

201 2325 276 2370 sum
291 2307 465 2390 exemplar
477 2325 546 2370 una
560 2324 634 2370 cum
650 2305 729 2369 aliis
745 2303 844 2386 hujus
867 2304 995 2386 generis
1018 2305 1160 2369 almedis
1179 2323 1226 2370 ex
1249 2305 1292 2370 cl.

201 2405 356 2490 Magistri
371 2407 574 2472 bibliotheca
588 2407 623 2470 in
637 2425 743 2470 meam
758 2406 919 2487 migrasse
933 2403 1076 2488 gaudeo.
1107 2405 1293 2490 Compara·

200 2509 249 2573 vit
262 2509 360 2592 igitur
374 2505 539 2572 Heinsius
565 2526 629 2573 sua
651 2524 752 2571 manu
772 2506 858 2570 hanc
880 2504 933 2569 ed.
957 2524 1034 2571 cum
1056 2503 1139 2570 Cod.
1160 2505 1292 2573 Mente·

198 2609 302 2684 liano,
324 2611 469 2673 omnium
495 2608 604 2673 Codd.
634 2607 775 2693 optimo,
802 2625 879 2672 cum
904 2605 990 2672 Cod.
1013 2605 1194 2684 Vossiano,
1215 2619 1308 2672 cum·

199 2710 343 2791 egregiis
357 2729 401 2774 ex
415 2708 501 2774 Ccd.
518 2729 586 2792 quo
605 2726 747 2790 magnus
760 2706 910 2790 Scaliger
921 2726 1003 2772 usus
1017 2717 1079 2786 est,
1101 2707 1291 2795 Excerptis,

197 2831 274 2895 quae
289 2811 403 2877 habuit
416 2810 579 2875 Heinsius
593 2811 636 2874 ab
651 2808 876 2874 illustrissimo
886 2809 1108 2875 Constantino
1120 2810 1291 2892 fingenio,

160 2929 165 2944 ·
198 2913 418 2990 Zalichemio‚
440 2920 478 2977 ut
492 2917 586 2996 patet
599 2931 643 2975 ex
658 2910 793 2974 Heiusii
808 2909 911 2975 Notis
925 2910 968 2976 ad
982 2910 1070 2978 Veli.
1088 2927 1127 2975 ιι.
1142 2912 1195 2977 87.
1213 2931 1292 2976 curn

196 3015 334 3098 optimis
348 3013 527 3098 Excerptis
543 3013 597 3076 Fr.
614 3011 735 3088 Modii,
750 3011 893 3095 denique
908 3031 985 3076 cum
1001 3033 1064 3078 suo
1078 3013 1186 3096 ipsius
1202 3009 1290 3078 cod.

195 3116 379 3181 Variautes
402 3135 535 3201 quoque
565 3113 688 3201 adjecit
710 3113 788 3180 edd.
809 3113 1064 3191 rarissimarum,
1088 3113 1292 3196 Rhegiensis

196 3237 227 3282 a
250 3218 346 3282 1181.
368 3222 401 3281 et
415 3217 554 3282 Venetae
569 3217 664 3281 1475.
687 3235 827 3302 quarum
842 3216 929 3294 huic,
944 3217 987 3280 ab
1003 3217 1179 3281 Hadriano
1194 3217 1292 3283 Wal-

195 3320 242 3383 lio
258 3317 496 3402 suppeditata,
507 3337 625 3382 munus
641 3319 703 3383 uiri
715 3318 806 3383 docti
820 3319 948 3402 passim
962 3319 1072 3382 varius
1086 3318 1175 3383 lectt.
1186 3337 1291 3383 anuo·

195 3425 291 3484 terat.
346 3420 528 3496 Praeterea,
558 3421 609 3484 uti
637 3421 762 3484 nullum
794 3421 967 3502 exemplar
996 3419 1159 3484 Heinsius
1187 3439 1289 3486 manu

195 3521 362 3597 versabat,
394 3521 541 3584 coinon
569 3540 659 3586 nova
687 3521 934 3585 foecundissimi
958 3521 1078 3603 ingenii
1105 3520 1290 3604 specimina

194 3621 346 3702 adderet3
367 3621 414 3684 itu
427 3620 515 3685 huuc
531 3623 630 3686 etiam
646 3620 861 3687 Perreianum
879 3621 1002 3687 librum
1022 3623 1136 3688 multis
1155 3621 1290 3704 conjec-

194 3724 290 3800 turis,
313 3741 399 3805 quas
413 3724 534 3788 trustra
549 3722 640 3806 apud
654 3724 915 3802 Broulrhusium,
931 3723 964 3787 iu
979 3723 1110 3788 Heinsii
1127 3721 1227 3786 Notis
1243 3719 1289 3786 ad

194 3825 416 3908 Propertium,
436 3831 470 3888 et
492 3825 526 3888 in
555 3823 770 3888 Adversariis
793 3824 866 3910 ejus
892 3842 1036 3907 quaeras,
1058 3823 1288 3905 locupletavit.

194 3923 269 3990 Nec
284 3926 445 3990 minorem
470 3924 525 3988 hic
546 3924 631 3988 liber
656 3925 972 3988 commendationem
989 3923 1090 3986 habet
1110 3922 1153 3986 ab
1176 3923 1287 4005 ipsius

193 4024 332 4090 Antonii
347 4026 475 4089 Perreii
490 4027 671 4102 annotatis,
695 4025 737 4089 de
753 4026 873 4109 quibus
887 4031 925 4089 ut
942 4024 1116 4109 judicandi
1135 4031 1287 4107 potestas

192 4128 264 4203 fiat,
286 4123 351 4202 hic,
373 4126 497 4208 quaein
513 4125 577 4190 line
602 4125 767 4210 ascripsit,
790 4133 934 4212 repetere
951 4124 1068 4207 juvat:
1092 4124 1285 4191 ‘Emenda-
