2914 4764
137 272 203 338 124
470 287 499 334 s.
523 285 682 337 sunnon
707 286 904 336 rnornrtru

139 430 240 498 Hanc
255 450 317 514 ego
332 449 398 495 non
413 449 507 510 auro,
522 449 588 496 non
601 429 693 494 indis
707 430 837 496 flectere
851 429 1003 508 conchis,

181 535 251 599 Sed
266 535 359 617 potui
372 533 486 598 blendi
498 533 656 598 carminis
672 534 847 615 obsequio.

139 634 224 698 Sunt
237 635 336 720 igitur
350 633 477 712 Musse,
492 653 602 716 nequo
618 633 741 698 emanti
756 634 870 698 tardus
884 628 1035 716 Apollo:

182 734 271 814 Quis
287 756 349 818 ego
362 735 468 800 fretus
484 756 570 802 omo.
615 735 760 820 Cynthia
772 754 849 800 rara
861 755 938 799 mea
952 749 1018 799 est.

140 836 239 901 Nunc
253 837 336 901 mihi
351 857 479 903 summe
493 840 572 904 iicet
587 839 777 920 contingere
792 837 904 902 sidero
916 837 1057 920 plantis:

182 938 263 1017 Sive
278 939 361 1017 dice,
377 958 438 1003 seu
452 959 523 1004 nox
539 940 680 1016 venerit,
695 939 756 1004 illo
770 957 845 1002 men
859 945 921 1002 est.

139 1039 216 1104 Nec
232 1039 315 1104 mihi
327 1041 442 1104 rivalis
453 1049 564 1106 certos
580 1040 735 1106 subducit
749 1058 889 1104 umores.
1195 1040 1242 1106 te

183 1140 257 1205 istu
271 1161 380 1206 meam
394 1142 481 1206 norit
495 1141 600 1223 glorie
615 1141 780 1205 canitiem.

139 1309 219 1373 ipsam
229 1305 445 1370 acquisieramus,
455 1311 497 1356 out
506 1305 647 1364 muneribus,
656 1319 729 1369 seque
736 1305 806 1354 Indis
814 1305 913 1367 gemmis
922 1307 1059 1366 demulcere,
1068 1309 1094 1354 ot
1101 1305 1178 1355 meilis
1188 1321 1241 1357 cer-

137 1389 177 1422 sus
186 1371 317 1421 blanditiis.
334 1373 427 1420 Adeunt
436 1385 493 1432 ergo
504 1371 591 1432 Mese,
602 1386 644 1419 sec
652 1371 753 1419 amatori
759 1369 875 1433 juvando
885 1371 964 1432 segnis
974 1377 1014 1418 est
1026 1371 1129 1434 Apriles
1140 1385 1240 1434 eumer

139 1438 338 1501 opssixusemo.
365 1435 469 1498 cynthio
480 1436 580 1483 uuicoet
590 1433 721 1497 singularis
730 1449 780 1484 meo
790 1440 835 1483 est.
868 1436 926 1483 dom
943 1435 1002 1483 mibi
1013 1433 1056 1494 sos
1076 1439 1111 1483 ert
1129 1434 1241 1484 sudbmie

138 1507 205 1550 ostro
211 1499 309 1563 pedidus
318 1501 425 1548 robore:
441 1499 490 1548 rive
500 1500 559 1560 dies,
569 1499 618 1547 sine
628 1515 677 1548 nos:
687 1500 816 1560 advenerit,
828 1499 933 1560 Cyutbio
942 1514 992 1547 meo
1004 1503 1047 1548 est.
1074 1499 1132 1550 ιΙιιιιι
1143 1500 1241 1550 testulus
1301 1543 1303 1552 s

137 1563 294 1615 immutabiles
302 1564 400 1614 delicies
410 1563 469 1612 stibi
476 1579 522 1612 nors
533 1563 626 1627 eripiet.
658 1563 724 1612 Haec
734 1577 785 1612 meo
795 1562 893 1611 canities
899 1564 1003 1624 glorium
1012 1563 1085 1612 istum
1094 1563 1190 1614 emtor.

599 1673 781 1694 mmo„

140 1740 180 1791 dit
198 1753 256 1790 eum
273 1739 389 1789 Broukb.
400 1738 492 1788 Bertb.
505 1739 673 1789 boehm-41
695 1739 746 1787 Nec
757 1739 853 1788 Dresd.
881 1739 973 1789 Surdsu
987 1738 1243 1790 Heinsirn.‘i'ordus

137 1813 225 1855 temen
236 1809 306 1853 soret
318 1803 398 1867 Pron.
409 1804 502 1866 utipse
518 1804 609 1854 Heius.
621 1801 731 1852 observ!
752 1803 906 1853 Baeti—42
923 1805 1038 1854 ‘Noster
1054 1809 1079 1854 ι.
1100 1818 1173 1852 coro:
1188 1817 1241 1854 nou

158 1867 245 1918 lecet!
261 1867 371 1918 Broukb.
406 1867 463 1917 Nec
481 1868 570 1930 placet
588 1867 705 1916 Berthio.
729 1867 792 1916 Coro
811 1868 945 1919 Heinsien.
963 1881 990 1918 er
1001 1869 1038 1918 sic
1050 1867 1140 1932 Ayrm.
1158 1874 1185 1916 et
1195 1868 1242 1916 de·

138 1885 224 1982 iendit
235 1931 366 1982 Pontus.
375 1930 496 2003 ᾼιιιΙειι.
507 1937 532 1982 9.
565 1933 633 1980 Roro
644 1929 784 1981 ediderunt
793 1933 882 1980 Burni.
895 1940 922 1982 et
936 1933 1104 1982 Lucium-48
1122 1931 1181 1981 ‘Itu
1189 1932 1241 1982 Cn·

140 1997 198 2046 toil.
206 1999 232 2044 in
240 1996 320 2045 Come
329 1995 478 2072 Berenices:
491 1997 725 2070 ‘Numquruqnsm
736 2009 777 2046 me
785 2003 863 2072 nocte
872 2005 993 2074 premunt
1004 1997 1111 2059 vestigio
1118 1995 1213 2070 Dirum
1223 1995 1242 2045 :'

139 2060 346 2176 tutudit:
357 2059 854 2190 :tuterit„ttetztttttittitf
869 2074 982 2196 ibib·
1002 2061 1241 2175 tribuitur

138 2189 303 2239 Passeratius
315 2189 464 2252 etScbopp.
477 2203 497 2238 ι.
507 2189 590 2238 Veris.
599 2187 634 2238 6!
644 2189 733 2242 Borti.
761 2193 768 2217 ¹
780 2189 875 2238 Pisatis
882 2196 1035 2252 constsuter
1045 2189 1072 2240 iu
1084 2205 1151 2239 omn.
1160 2189 1240 2240 codd.

138 2253 235 2303 etedd.
245 2252 369 2302 vetustis:
385 2253 434 2300 nisi
454 2251 523 2318 quod
538 2254 563 2301 iu
575 2254 639 2302 Exc·
656 2253 724 2302 Sosi.
735 2252 813 2303 sidero
824 2253 947 2303 Atlantis.-
965 2253 1033 2318 quod
1051 2269 1084 2303 ex
1098 2255 1186 2317 piosts's
1196 2253 1240 2302 de·

139 2317 246 2368 ductum
259 2315 368 2367 ridetur.
401 2316 495 2366 Primis
516 2316 667 2379 conjecerat
688 2317 781 2368 Heius.
801 2315 834 2366 sd
853 2331 923 2366 oraru
942 2318 983 2366 ed.
1002 2317 1064 2368 Aid.
1075 2325 1105 2367 ut
1114 2317 1240 2382 Scaliger,

140 2382 225 2432 Lirin.
237 2381 338 2444 Lipsius
350 2394 388 2429 rr.
398 2380 460 2431 Ant.
473 2382 547 2430 Lect.
561 2385 600 2430 11.
611 2387 638 2430 et
649 2379 750 2430 Schott.
764 2395 794 2430 ιι.
815 2380 879 2431 Obs.
887 2386 911 2432 7.
929 2389 959 2431 ut
971 2383 1126 2445 respicietur
1137 2382 1170 2431 sd
1181 2397 1240 2446 pre·

140 2447 256 2496 corbium
268 2443 366 2509 ‘digito
375 2445 468 2494 coeirrro
481 2444 606 2506 tangere!
639 2444 755 2494 Priscum
767 2445 827 2494 leet.
837 2454 896 2508 post
907 2447 969 2496 elios
981 2448 1050 2496 viros
1063 2445 1162 2510 doctos,
1172 2461 1239 2511 quos

139 2509 248 2572 indicat,
268 2515 357 2558 tuetur
374 2509 489 2558 Broukb.
506 2509 599 2572 quibus
612 2507 796 2572 {satisfaciunt
813 2511 922 2574 Sciopp.
934 2509 967 2559 nd
982 2511 1071 2575 Prinp.
1083 2515 1157 2573 nbi.
1184 2511 1241 2560 Rit-

138 2573 250 2624 terslsns.
263 2573 295 2622 sd
309 2573 436 2624 Gunther.
455 2589 480 2638 p.
494 2577 536 2624 to.
555 2573 727 2623 ernanum
739 2575 806 2623 Stat.
820 2589 839 2624 ι.
853 2575 924 2638 Sytv.
936 2579 960 2624 2.
969 2579 1026 2625 212.
1041 2591 1066 2638 p.
1081 2575 1132 2624 883
1149 2575 1239 2624 Burro.

139 2637 184 2702 qui
194 2637 277 2688 edidit
286 2638 447 2702 pientio-45
465 2639 537 2687 Nure
553 2637 652 2688 Dresd.
672 2638 806 2688 ‘subducet
816 2638 897 2688 babet
910 2639 1025 2689 Broukb.
1037 2653 1094 2689 cunr
1106 2639 1202 2702 scalig.
1211 2646 1240 2689 et

139 2703 228 2752 multis
237 2702 298 2752 edd.
325 2702 534 2752 Subducs'ttnmen
544 2702 570 2750 in
581 2702 658 2751 duob.
667 2703 783 2752 Broukb.
793 2703 851 2756 libr.
861 2711 889 2753 ct
898 2703 923 2753 io
934 2705 1147 2768 plerisquemeis:
1158 2705 1239 2752 etiem

138 2767 234 2816 Dresd.
247 2773 275 2815 et
286 2767 410 2828 mojorem
423 2767 555 2830 Propertii
566 2765 687 2815 fiduciam
700 2767 845 2830 significan
866 2769 944 2817 etiarn
957 2767 989 2818 ed
1002 2776 1155 2832 presentem
1172 2768 1240 2816 rire·

138 2832 199 2891 leur,
211 2845 303 2895 nempe
320 2838 468 2894 pretorem,
485 2830 594 2894 digitum
616 2830 741 2881 intendit:
761 2831 824 2881 licet
845 2832 957 2896 cuipiam
976 2834 1061 2882 locum
1078 2846 1240 2882 communem

138 2909 232 2958 supere
243 2894 325 2942 rideri
337 2895 431 2958 possit·
447 2895 536 2944 Bortb.
570 2897 578 2922 ‘
588 2895 620 2944 In
631 2897 707 2946 Borr.
726 2895 812 2959 Neon.
829 2903 901 2961 quat.
924 2897 1000 2947 Voss.
1018 2897 1116 2947 Dorso.
1133 2904 1162 2946 et
1175 2897 1241 2946 meis

138 2959 359 3022 legitursubducit.
385 2960 470 3008 Certos
480 2973 568 3008 cmoree
580 2968 664 3023 spect
676 2961 798 3024 opinione
811 2966 961 3010 constantes
977 2963 1164 3024 interpretator
1175 2961 1240 3010 Pas·

138 3023 256 3073 seritius.
291 3023 350 3072 vid.
363 3031 448 3072 tamen
459 3039 490 3072 nn
500 3023 587 3073 deleto
603 3040 624 3085 s,
642 3040 698 3089 quae
712 3040 744 3074 ex
756 3025 839 3089 prims
850 3041 904 3090 seq.
924 3026 994 3074 vocis
1005 3025 1081 3075 litere
1092 3025 1209 3088 sdbaesit,
1217 3023 1238 3076 f.

138 3089 274 3152 scripserit
287 3087 368 3152 Prop.
384 3088 467 3137 riculis
485 3090 552 3138 iectu.
585 3089 648 3151 Sup.
668 3089 735 3138 enirn
756 3105 792 3139 rs.
814 3093 854 3138 33.
875 3089 1001 3154 gloriatus
1017 3097 1083 3153 eret,
1100 3089 1239 3154 Cynthium

138 3166 225 3202 secum
244 3153 312 3203 lecto
326 3160 435 3216 nngrrsto
447 3153 611 3216 requiescere
623 3153 751 3213 moluisse,
768 3169 844 3218 qutun
858 3168 936 3216 regno
948 3153 1089 3218 possidere.
1120 3155 1174 3203 Pro
1189 3169 1240 3203 eer-

139 3217 296 3268 tosinvoss.
308 3218 435 3266 mummi.
470 3217 501 3266 ln
523 3217 599 3266 Voss.
618 3222 643 3266 3.
663 3223 690 3266 et
709 3232 767 3266 meo
787 3223 812 3266 2.
831 3233 939 3267 mutnus.-
961 3219 986 3268 iu
1006 3233 1058 3282 qun
1073 3218 1202 3281 scriptura
1218 3216 1238 3268 f.

137 3278 270 3330 diversum
292 3281 353 3344 quid
376 3279 460 3330 latet!
483 3280 570 3330 Burm.
603 3282 777 3330 Burmannum
805 3281 882 3330 nimis
904 3283 993 3347 inepte
1015 3283 1156 3346 conjecisse
1180 3284 1238 3332 lecto

138 3352 229 3394 censet
240 3345 346 3395 Lacum.
357 3352 385 3394 et
396 3359 462 3408 eam,
475 3358 550 3407 quem
562 3343 642 3395 bnbet
652 3345 734 3394 linio.
745 3345 807 3396 lect·
818 3345 946 3398 defendit.

638 3475 743 3526 NOTIE

135 3569 250 3636 undique
261 3567 409 3618 nobilissimi
422 3568 602 3620 mittebantur.
622 3570 664 3618 Ti·
706 3571 798 3634 lapilli,
808 3585 971 3638 gemmasque
980 3573 1085 3624 conchae
1096 3575 1239 3638 parturien-

137 3648 201 3698 boii.
223 3645 292 3697 ‘Qui
315 3643 387 3708 prior
406 3644 471 3694 Eleo
493 3652 534 3694 est
560 3659 665 3696 carcere
706 3648 919 3712 tesceltiguntor.
952 3637 995 3698 ns
1006 3650 1046 3698 bis
1055 3650 1107 3701 vid.
1120 3651 1187 3702 Plio.
1196 3667 1238 3704 rx.

136 3723 229 3772 missus
245 3719 344 3785 equos!
706 3725 746 3772 ³5.
783 3722 1237 3794 Propert.n.ne.‘1ndtesquos

168 3803 201 3849 tu
217 3797 286 3848 Irsdis
300 3797 405 3860 concitis]
428 3795 487 3845 Iudi
506 3795 594 3858 popuii
605 3803 666 3847 sunt
706 3797 790 3848 medie
800 3799 900 3848 vertice
912 3815 1012 3864 gemme
1023 3803 1111 3854 tenet'

136 3873 341 3926 Asioestoiem
348 3871 484 3922 Orientem
493 3871 666 3935 remotisimi,
737 3877 771 3922 46
787 3875 840 3924 Isto
856 3890 931 3926 nuum
949 3877 1012 3926 serit
1025 3880 1104 3940 giemo
1114 3880 1236 3947 conitiem]

136 3958 164 4001 et
175 3950 207 4000 sd
220 3951 353 4000 Oceanum
368 3947 538 4008 orientalem,
549 3946 592 4012 qui
603 3946 667 3996 dici·
706 3947 872 4015 Hypating03
892 3967 948 4016 pro,
964 3967 1022 4003 mes
1040 3955 1149 4008 canities
1160 3957 1235 4008 istem

136 4035 180 4080 tur
200 4027 316 4092 Indicus,
336 4032 364 4077 et
386 4025 412 4075 in
435 4037 486 4092 quo
507 4024 624 4090 uolones,
638 4031 666 4075 et
704 4025 811 4090 glorium
821 4029 928 4093 sentiet,
937 4029 1033 4081 videet.
