2920 4770
476 314 549 372 eun
574 319 699 372 susos
723 319 894 371 nicusus.
1184 309 1228 373 47

137 463 296 550 quicquid
312 463 501 548 Regiorum
515 463 560 529 ud
582 472 817 544 monument,
839 461 1116 532 sicutiHorutius
1131 467 1227 536 Odus

135 567 212 633 libri
227 585 252 630 ι.
268 571 304 630 et
321 583 360 630 ιι.
381 585 450 631 uno
471 573 622 650 tempore
638 566 840 650 conjunctim
854 567 949 644 editi,
971 568 1160 652 promiscue
1175 585 1229 633 or-

138 667 274 745 dinavit,
288 669 340 732 uti
350 668 423 752 jum
438 647 552 732 con'tru
565 667 751 733 Bentleium
765 669 954 734 monuimus
968 668 1004 732 iu
1025 671 1036 700 ‘
1052 667 1131 734 Deo
1141 667 1230 736 Vord

137 769 294 852 lesungen
315 771 399 835 iiber
421 770 529 851 einige
552 769 692 851 Elegien
715 770 775 835 des
792 769 969 854 ·Properu,’
990 769 1134 837 Dresdee
1149 771 1229 836 odit.

138 869 233 936 1775.
249 871 282 934 8.
316 870 479 953 ,Denique
500 870 566 934 boc
587 889 719 953 quoque
738 871 981 936 observandum
1002 877 1066 950 ost,
1089 861 1232 958 Proper-

139 973 220 1038 tium
233 973 366 1038 (luobus
380 973 620 1056 posterioribus
634 973 742 1051 libris,
765 973 916 1055 inprimis
939 973 1046 1051 tertio,
1069 973 1230 1055 quosdam

139 1071 274 1157 Elegius
289 1075 469 1160 adjecisse,
484 1093 571 1158 quus
585 1079 682 1140 uuteu
695 1075 902 1158 supprimere
919 1075 1082 1152 voluerut,
1103 1074 1152 1138 uti
1171 1093 1232 1159 pu·

139 1178 184 1237 tet
204 1195 250 1238 ex
270 1176 328 1252 iio,
348 1195 425 1258 quse
446 1176 490 1239 ed
515 1173 555 1238 Α.
571 1172 616 1240 U.
631 1173 708 1239 723.
730 1173 823 1241 dictu
843 1180 930 1240 suut.
975 1174 1024 1240 Ut
1045 1193 1122 1240 vero
1141 1175 1231 1240 bunc

139 1277 291 1357 inprimis
313 1296 437 1341 unnum
458 1276 676 1361 publicationi
697 1275 812 1348 borum
838 1277 995 1342 libromm
1017 1277 1231 1355 constituam,

138 1377 220 1442 iuuit
232 1378 379 1442 maxime
401 1377 518 1462 Elegio
531 1378 585 1442 12.
606 1378 738 1443 lib.'111.
753 1379 797 1443 ud
811 1378 1054 1460 Postbumum3
1076 1378 1120 1442 ud
1134 1397 1233 1462 quem

140 1478 169 1541 si
184 1479 313 1563 scriptu
327 1479 372 1543 sit
383 1497 512 1562 quoque
526 1478 643 1561 Elegia
656 1477 689 1542 3.
702 1479 762 1542 lib.
778 1495 827 1542 ιιι.
842 1477 932 1561 quod
942 1479 1109 1562 plerisque
1121 1479 1233 1562 placet

140 1580 385 1662 interpretibus,
405 1586 438 1645 et
460 1581 545 1644 ratio
567 1579 648 1662 ipsu
666 1579 808 1662 probure
830 1577 971 1657 videtur,
1002 1577 1146 1642 dubitari
1166 1597 1235 1642 non

140 1682 273 1764 poterit,
295 1680 373 1765 quin
388 1687 525 1765 unoque
540 1680 660 1762 Elegio
674 1680 799 1764 scriptu
812 1681 858 1744 sit
871 1679 1009 1744 durante
1020 1679 1081 1744 illo
1096 1678 1233 1746 duorum

141 1799 301 1847 annorum
315 1783 437 1865 spatio,
456 1800 526 1864 quo
545 1780 658 1846 AElius
673 1778 793 1846 Gallus
812 1781 847 1845 iu
861 1779 991 1846 Anubin
1004 1786 1234 1845 commoratus

141 1889 201 1946 est
244 1879 358 1959 Adde,
369 1882 461 1964 quod
474 1881 558 1946 liber
573 1897 625 1946 ιν.
638 1880 673 1944 6.
681 1880 736 1946 78.
746 1883 946 1947 mentionem
959 1882 1042 1947 suoit
1051 1880 1236 1966 AEtbiopioi

141 1981 234 2061 belli,
247 1983 337 2067 quod
350 1984 385 2048 in
399 2001 522 2047 aunum
538 1987 731 2066 sequentem
744 1982 873 2048 incidit.

481 2161 601 2214 ΜΗ..
617 2164 675 2210 777.
708 2159 841 2226 Propertii
851 2164 892 2212 tl.

348 2237 672 2294 M.Cluudiusbiercellus
682 2239 823 2294 AEseeiuut.
857 2240 1030 2294 LAruutius.
1062 2299 1064 2304 ,

187 2335 366 2422 AEthiopes
382 2341 464 2404 caesi
479 2347 515 2403 et
534 2358 650 2403 eorum
669 2346 759 2403 terro
778 2339 947 2424 praesidiis
961 2348 1142 2425 occupate.
1185 2339 1236 2408 Gi.

147 2435 275 2524 Heynii
289 2440 374 2504 Vite
387 2438 481 2524 Virg.
496 2439 540 2506 ud
559 2441 591 2506 b.
606 2460 636 2504 a.
660 2446 693 2505 et
714 2460 789 2524 quae
814 2445 876 2508 sub
898 2442 997 2508 finem
1018 2437 1237 2528 praecetlentis

146 2543 223 2606 unni
238 2547 354 2607 notatu
370 2549 455 2606 sunt.

486 2704 677 2756 buc-m.
709 2702 841 2769 Propertii
850 2709 892 2757 st.

468 2784 508 2836 Μ.
519 2785 653 2849 Apuleius.
684 2782 716 2834 Ρ.
732 2783 808 2834 Silius
820 2787 918 2837 Nerrr.

188 2881 365 2967 Cyzicenis
376 2882 514 2949 libertus
526 2883 570 2946 ub
584 2880 739 2964 Augusto
754 2883 906 2948 meniu:
928 2884 1043 2950 confer
1056 2901 1118 2948 nos
1132 2900 1240 2966 suprs

147 2985 192 3050 od
206 2982 251 3050 A.
269 2983 312 3048 U.
326 2985 403 3050 724.
448 2982 552 3065 Signa
573 2981 687 3068 Crassi
709 3002 785 3048 oum
808 2985 927 3078 spoliis
948 2993 982 3050 et
1005 2985 1148 3069 captivis
1166 2983 1239 3048 Au-

147 3092 248 3168 gusto
261 3085 441 3150 redduntur
453 3104 477 3150 u
490 3083 647 3148 Phraate.
689 3082 743 3148 ct.
756 3083 882 3170 Heyuii
897 3083 966 3152 Vit.
979 3082 1132 3149 chronol·
1146 3082 1191 3148 sd
1204 3081 1239 3146 b.

149 3207 181 3252 o.
223 3187 304 3252 Jure
327 3187 427 3269 igitur
451 3184 651 3268 Propertius
666 3199 717 3249 ιι.
741 3183 773 3250 6.
797 3185 851 3251 79.
877 3203 951 3269 sqq.
975 3203 1094 3250 cunero
1113 3182 1242 3267 potuit:

150 3292 159 3322 ‘
175 3289 455 3354 Hicreierutsero
465 3286 658 3352 contessum
667 3283 795 3351 ioedere
807 3283 987 3351 Parthum:
1002 3282 1138 3350 Reddet
1146 3284 1243 3367 signu

640 3453 746 3504 NOTAE

149 3581 210 3632 quos
244 3565 373 3617 umoribus
403 3563 509 3628 diescit,
535 3562 677 3628 mriprisse,
716 3562 764 3612 sed
776 3551 992 3626 peucot'eliorum
1002 3555 1243 3616 libelloncstlimu-

149 3647 268 3708 panum
278 3655 342 3692 vero
353 3641 463 3706 disperit
478 3638 634 3704 ergnmentt,
651 3637 677 3687 in
717 3638 769 3702 obl,
781 3637 938 3700 blimuerrni,
949 3635 1070 3697 Phileto,
1083 3633 1243 3683 relationum

148 3733 224 3783 qm
236 3717 374 3781 gundioru
381 3715 502 3766 crrmius
510 3713 633 3776 conjecit,
643 3711 678 3763 eb
717 3713 861 3778 pollerem,
872 3712 966 3778 quibus
981 3710 1097 3775 legendis
1112 3719 1143 3757 sc
1158 3714 1246 3756 tm

150 3795 199 3844 illis
223 3792 404 3857 septruudum,
424 3797 452 3842 et
473 3785 676 3840 ‘monobibloo’
716 3789 757 3839 diu
769 3789 872 3840 residue
883 3796 986 3852 tempus
997 3787 1158 3844 incensent,
1168 3779 1245 3829 intel·

150 3867 349 3931 inscribendum,
365 3868 480 3932 ultorque
491 3864 558 3914 mule
573 3862 677 3914 titulum
716 3864 833 3930 ligendor
845 3878 911 3914 esse.
944 3859 1066 3911 Arbitror
1085 3863 1173 3906 tumen
1186 3867 1245 3918 pur·

149 3943 219 3994 ilium
245 3943 279 3993 nd
301 3943 395 3992 librum
415 3941 526 4006 primum
547 3939 677 3991 retulisse.
717 3937 851 3988 temltlum
864 3937 935 3998 iilos.
946 3938 987 3984 1³.
1006 3931 1062 3982 llb.
1074 3943 1105 3979 ιι.
1123 3940 1192 3978 ιιι.
1202 3931 1245 3979 tt.

149 4015 552 4086 Necplscetvolpttcenteutte,
565 4013 612 4081 (ud
628 4015 678 4065 cr·
716 4011 807 4064 enan
821 4012 922 4062 cuicum
938 4008 997 4059 Lib.
1012 4017 1057 4058 ιιι.
1076 4017 1133 4056 erre
1150 4015 1248 4068 pontu·
1310 4061 1317 4072 ¹

149 4098 235 4148 uum.
246 4101 272 4146 o.
282 4104 310 4146 et
320 4096 346 4145 io
362 4091 554 4145 Commentario
564 4089 597 4140 ud
609 4090 628 4142 Ι.
638 4089 677 4154 c.)
718 4089 786 4140 dem.
801 4088 878 4140 Ksin.

151 4188 196 4237 per
207 4181 261 4224 tres
273 4171 330 4222 ilios
341 4169 451 4234 libellos,
468 4182 518 4219 uon
533 4166 676 4232 Propertii,
