2920 4770
619 325 826 378 rnmrsrro.
1227 311 1271 388 23

164 466 354 556 ternolatos
368 467 567 548 adtribuerit,
581 468 755 558 inquibus
769 479 806 540 et
815 469 1058 556 Vaticanomm
1067 472 1213 561 primum
1226 496 1269 544 ac

166 573 355 640 secuudum
375 573 482 638 inisse
501 572 669 651 existimo,
692 591 759 638 non
778 573 860 640 item
873 575 1036 659 quintum.
1079 575 1269 644 Vaticanos

168 680 201 740 ot
223 675 333 766 ipsos,
355 681 391 740 et
412 674 557 740 tortasse
570 674 661 739 solos
674 673 805 758 Augelo
822 674 959 743 Golotto
977 677 1073 743 risos
1093 696 1168 744 csse
1190 683 1271 745 con·

163 774 260 859 jicio,
275 778 372 864 cujus
385 777 570 860 Excerptis
583 795 650 842 non
663 777 835 862 majorem,
849 797 951 865 quarn
966 779 1019 846 Μ.
1033 777 1079 844 Α.
1094 779 1223 847 Pocchi
1236 789 1271 849 et

170 875 211 943 0.
230 878 387 957 Ferrarii,
401 879 556 963 equibus
575 896 687 962 pauca
701 881 807 947 allata
819 880 904 960 vidi,
918 879 1020 946 fidem
1040 882 1270 966 praestandam

168 997 242 1046 esse
263 979 436 1046 contendo.
479 979 634 1046 Ceterum
663 981 804 1066 Lipsius
833 982 937 1050 alium
965 979 1089 1049 Golotii
1116 983 1270 1050 codicem

168 1081 298 1164 passim
311 1083 429 1150 modat
440 1083 477 1148 in
496 1081 613 1169 Antiq.
635 1083 742 1151 lectt
766 1083 828 1150 sed
847 1083 934 1150 hunc
956 1093 1090 1169 quoque
1104 1082 1268 1152 Italorum

168 1181 322 1250 audaciae
336 1189 468 1250 testem.
679 1249 682 1254 ,
1279 1170 1285 1184 ’

210 1283 355 1364 Sensim,
375 1291 414 1351 nt
434 1284 544 1362 rides,
570 1289 604 1351 et
624 1285 740 1352 furtim
759 1287 858 1371 quasi
882 1288 927 1354 ad
953 1286 1090 1354 oltemm
1112 1287 1269 1357 codicum

167 1386 311 1454 classem
325 1385 487 1471 delapsus
497 1404 584 1466 snm,
597 1405 682 1471 quos
696 1392 707 1422 ‘
719 1388 878 1455 Italicos'
892 1389 1064 1474 appellare
1079 1391 1185 1470 soleo,
1198 1407 1267 1456 non

169 1487 264 1572 quod
285 1507 405 1555 omnes
425 1489 461 1554 in
482 1487 585 1554 Italia
605 1489 750 1574 scriptos
770 1495 901 1573 putem,
922 1491 983 1556 sed
1005 1492 1087 1576 qnia
1109 1509 1132 1557 a
1153 1491 1267 1558 doctis

169 1587 267 1656 Italis
285 1591 445 1658 recensiti
466 1597 555 1658 sunt.
600 1589 754 1656 Ceterum
774 1597 811 1656 et
829 1590 875 1670 hi,
895 1611 937 1657 ne
959 1592 1106 1675 singulos
1127 1593 1216 1659 inter
1229 1614 1268 1662 se

168 1691 345 1760 admodum
359 1693 485 1760 similes
508 1713 586 1760 esse
610 1693 738 1774 credas,
761 1695 887 1760 habent
907 1694 1037 1760 classes
1060 1714 1141 1762 suas
1166 1700 1201 1760 et
1217 1695 1268 1762 fa-

163 1793 299 1878 milias;
321 1815 385 1861 nec
398 1796 531 1876 mirum,
554 1813 631 1862 curn
654 1796 713 1862 aiii
736 1817 782 1863 ex
805 1798 881 1862 aliis
903 1797 1154 1881 exemplaribus
1170 1797 1266 1866 ducti

167 1895 247 1978 sint,
264 1896 324 1962 alii
338 1899 423 1964 alios
438 1902 643 1965 correctores
656 1899 755 1963 necti.
799 1897 854 1964 Ita
873 1896 1083 1965 Heinsianus
1103 1898 1173 1964 iere
1188 1919 1266 1966 cnm

167 1995 386 2066 Borriehiano
400 2001 577 2079 consentit,
593 1999 721 2067 Golotii
734 2005 768 2065 et
785 1999 909 2066 Perreii
923 1999 1061 2066 codices
1076 2020 1156 2066 cum
1168 1999 1265 2068 Vati·

167 2102 262 2168 canis
285 2101 443 2184 Heinsii3
473 2101 674 2170 Dorrilliaui
701 2106 812 2168 autem
834 2101 932 2186 qnasi
955 2100 1057 2168 medii
1078 2093 1165 2167 sunt'
1181 2102 1267 2168 inter

165 2205 336 2288 utrosque.
745 2285 751 2298 ·

209 2304 290 2385 Sed,
306 2313 347 2371 ut
360 2307 474 2374 ordine
491 2325 644 2392 maurus,
667 2307 860 2376 Italicorum
883 2327 1001 2394 agmen
1024 2309 1148 2374 ducunt
1169 2304 1266 2374 Vati·

165 2407 253 2486 cani,
268 2409 390 2494 quibus
402 2410 487 2476 mdli
499 2411 651 2478 licentius
665 2412 709 2478 ab
725 2411 992 2486 emendatoribus
1008 2409 1117 2475 habiti
1135 2414 1263 2475 extant

166 2507 301 2576 Horum
321 2529 437 2590 unnrn,
457 2529 565 2596 nequo
580 2513 760 2598 ¹antiquum
780 2532 845 2579 nec
866 2514 1020 2598 probum,
1041 2511 1076 2577 J.
1090 2509 1265 2576 Livineius

159 2611 331 2690 *excussit
345 2632 391 2678 ex
405 2613 534 2699 optimo
545 2612 640 2678 ilium
654 2614 810 2698 exemplo
821 2613 1013 2690 deductum,
1026 2612 1152 2698 quinat
1163 2611 1264 2678 inter·-

165 2710 245 2778 dum
258 2731 363 2778 unum
374 2713 520 2778 omniurn
534 2733 614 2779 cum
627 2711 844 2797 Groningano
857 2713 1045 2793 facientem,
1054 2717 1205 2782 ,ceterum
1219 2711 1264 2777 ab

164 2813 337 2898 iugmioso
357 2821 544 2882 correctore
565 2816 718 2899 plurimis
738 2817 824 2882 locis
845 2822 1017 2882 renatum.
1062 2813 1145 2880 Non
1158 2813 1263 2880 aliurn

163 2915 229 2982 hoc
243 2935 320 2984 esse
341 2935 428 2996 enm,
452 2935 521 3000 quo
546 2916 686 3000 Lipsius
700 2931 790 2983 ¹usus
811 2923 876 2996 est,
900 2916 1013 2982 disces
1037 2937 1114 2983 curn
1128 2936 1171 2982 err
1186 2912 1264 2982 aliis

163 3015 291 3097 multis,
310 3023 381 3084 tum
405 3017 549 3097 collatis,
566 3036 649 3104 quoe
671 3017 843 3084 Iivineius
864 3023 962 3084 notat
977 3017 1021 3082 ad
1038 3035 1065 3084 r.
1080 3018 1132 3082 11.
1153 3017 1207 3082 11.
1228 3021 1263 3083 et

164 3117 304 3202 lipsius
319 3118 435 3204 Antiq.
450 3120 558 3186 lectt.
575 3135 624 3184 ιν.
638 3120 692 3184 11.
735 3119 791 3186 Ab
805 3120 871 3186 troc
886 3126 1002 3186 autern
1016 3118 1155 3184 multum
1169 3117 1263 3183 diffe-

162 3226 240 3288 runt
252 3222 401 3307 quinque
416 3221 489 3300 alii,
503 3241 590 3306 quos
606 3222 769 3288 Heinsius
790 3221 886 3302 vidit,
905 3223 1049 3307 primurn
1061 3220 1181 3305 ubique
1195 3218 1263 3286 iera

164 3323 312 3389 recondo
325 3325 569 3402 concinentem,
584 3329 761 3408 utrumque
777 3343 800 3388 a
820 3323 919 3388 docto
933 3321 1067 3388 homine
1079 3319 1263 3406 interpola-

163 3429 247 3506 tum,
259 3444 283 3490 a
296 3426 446 3494 doctiore
460 3426 564 3491 etiam
586 3425 752 3509 quintum.
796 3423 874 3490 Hos
895 3423 983 3489 enim
996 3430 1065 3488 tros
1078 3421 1262 3488 Vaticanor

164 3525 375 3594 Burmannus
390 3528 565 3613 appellare
575 3527 679 3594 solet:
702 3527 833 3594 tertium
848 3533 1045 3610 quartumre
1059 3521 1121 3588 sex
1134 3528 1261 3589 tautum

163 3627 249 3694 loeis
270 3629 524 3696 commemorari
544 3627 710 3694 recordor.
751 3628 787 3694 J.
802 3627 954 3711 Scaliger
969 3645 1102 3714 quoque
1123 3624 1262 3692 Vatica-

162 3749 243 3798 num
256 3730 343 3796 vidit
357 3751 379 3796 a
393 3738 618 3799 correctorum
631 3749 732 3796 manu
744 3747 812 3794 uon
826 3730 978 3808 liberum,
994 3727 1091 3811 cnjus
1113 3725 1264 3810 Excerp-

163 3832 207 3898 tis
222 3831 434 3900 Burmannus
458 3853 544 3900 usus
564 3841 626 3900 est.
671 3831 770 3898 Idem
788 3831 938 3916 Scaliger
958 3831 1027 3896 alio
1044 3826 1162 3894 codiee
1185 3831 1261 3906 (nos

165 3931 389 4018 Cujaciouum
407 3937 599 4021 pierumque
624 3943 685 4003 aut
708 3934 872 4018 scaligeri
891 3933 1015 3999 librum
1036 3924 1195 4014 dicimus)
1217 3929 1262 3995 ad

164 4034 378 4122 Propertium
390 4039 625 4108 recensendum
639 4057 719 4106 urus
740 4043 802 4119 est,
817 4053 915 4120 quern
929 4029 1209 4112 recentissimum,
1224 4035 1261 4098 ut
