2914 4764
201 323 266 390 rte
530 338 561 390 s,
584 335 749 404 nonann-
766 335 965 388 rnornnrn

202 481 331 549 Multos
346 481 406 548 illa
420 481 494 547 dies
506 433 665 546 inoomtis
678 487 802 548 moesta
815 481 946 566 capillis

243 585 397 662 Sederat,
411 583 537 668 injusto
551 585 656 649 multa
669 586 781 649 locuta
796 585 886 649 salo:

200 686 255 764 Et,
271 686 425 770 quamvis
439 703 607 768 nunquam
621 685 762 768 posthac
777 685 902 763 visum,
918 684 1055 750 dolebat

242 788 309 853 Illa
322 796 433 853 tamen
447 787 558 869 longae
572 789 707 852 consola
723 788 865 852 laetitiae.

198 887 422 974 Alphesiboea
437 907 519 952 suos
534 888 607 953 ulta
620 893 671 952 est
685 907 748 971 pro
763 887 905 971 conjuge
918 887 1044 965 fratres,
1256 885 1300 952 15

241 990 419 1073 Sanguinis
433 994 468 1054 et
482 990 550 1054 cari
565 987 697 1053 vincula
708 989 798 1072 rupit
812 1007 917 1052 amor.

199 1092 274 1157 Neo
288 1092 340 1156 sio
355 1089 544 1155 AEsoniden
555 1090 760 1172 rapientibus
776 1089 879 1154 auxia
893 1088 1001 1153 ventis

241 1191 433 1278 Hypsipyle
448 1208 557 1258 vacuo
573 1192 725 1256 constitit
737 1193 773 1257 iu
787 1191 948 1257 thalamo.

196 1391 224 1440 iu
236 1393 326 1442 deamo
343 1391 422 1441 littere
440 1393 570 1441 larsealate
585 1396 628 1440 ert.
660 1392 717 1455 Ipsa
733 1391 801 1442 enim
815 1405 862 1454 per
878 1389 993 1454 plemmos
1003 1388 1054 1439 rlies
1064 1387 1181 1438 inornatis
1190 1386 1295 1438 eriaibes

195 1456 279 1517 hyena
288 1456 359 1518 uelit,
368 1455 450 1505 mauis
461 1454 545 1504 verbis
562 1455 596 1505 de
612 1456 675 1504 mari
691 1455 770 1518 inipso
785 1469 937 1518 mysereas:
954 1460 987 1515 et,
997 1455 1050 1503 licet
1062 1467 1175 1516 armaret
1186 1452 1294 1514 deinceps

196 1520 277 1569 risam
288 1528 358 1570 esset
369 1521 499 1584 Ulyssem,
509 1519 561 1581 ipsa
572 1517 944 1568 nibilomiaesrlietsraieortsria
959 1518 1043 1580 gaudii
1059 1517 1178 1578 gemebat.
1208 1516 1296 1578 Alphe-

195 1583 267 1633 siboea
282 1599 335 1633 seras
350 1585 444 1648 parisii
460 1599 583 1646 ymnos
598 1589 696 1646 propter
712 1598 785 1632 sunm
800 1585 913 1642 maritare
928 1581 1166 1642 acerrimam«
1176 1581 1294 1644 conjugis

195 1649 387 1698 ueeuitsrls'rsest
401 1648 497 1709 gesseris
514 1647 595 1696 dilecti
614 1646 730 1696 elimarit.
772 1647 854 1710 Nepae
871 1648 907 1697 ita
925 1645 1058 1710 Hypsipyle
1075 1649 1200 1708 reapseeia
1218 1644 1295 1693 restit

194 1712 340 1775 rapientibus
349 1713 485 1761 AErrss'desa
497 1710 600 1760 deserta
610 1711 722 1760 restans&
729 1711 756 1759 ist
766 1712 849 1760 lectario
858 1713 937 1762 uidua.
963 1709 1096 1774 Hypsipyle
1105 1709 1180 1759 sutor
1186 1709 1294 1773 tmceps

193 1918 271 1969 morlo
281 1918 341 1970 huie
352 1921 370 1970 l.
385 1934 536 1970 succurrere
548 1919 660 1969 tentarit
677 1919 780 1982 Clereq·
793 1917 819 1968 in
835 1918 948 1982 Speeim.
960 1933 979 1968 ι.
995 1915 1028 1966 ad
1040 1917 1136 1966 Lucan.
1148 1930 1175 1979 p.
1186 1920 1228 1966 5⁵.
1245 1915 1293 1966 aetl

193 1984 267 2048 enjus
277 1983 404 2034 medicina
416 1983 518 2034 modum
528 1983 640 2033 excedit.
675 1984 769 2033 metor
780 1983 908 2033 eorrectio
920 1989 961 2032 est
980 1981 1086 2043 Eldikil,
1095 1981 1155 2030 Des.
1164 1979 1293 2039 olimseee·

191 2053 232 2097 rat
248 2063 278 2100 oe.
299 2048 346 2162 gul
358 2057 392 2124 'et
409 2049 462 2112 nnj.
481 2057 508 2098 et
525 2063 578 2112 seq.
596 2047 851 2124 pentametrilrsrba
868 2045 1137 2124 transponenda'esse
1152 2044 1293 2094 censebaa’

192 2113 278 2161 Burri.
345 2118 433 2162 ttmaur
441 2127 498 2162 esse
509 2113 571 2188 leet.
582 2113 650 2176 vulg.
668 2113 725 2189 lies.
735 2113 854 2224 strepltu.
863 2125 1017 2188 summeque
1026 2108 1173 2186 sohoptand.
1182 2115 1293 2159 censent

193 2176 272 2252 Kplu.
285 2183 312 2226 et
338 2183 382 2252 ἀι.
394 2193 420 2241 p.
433 2181 472 2226 ta.
488 2175 645 2252 qnttapdem
656 2175 764 2226 drettr‘
803 2189 1047 2236 acmounrmns‚ne
1077 2187 1115 2222 ms
1132 2186 1189 2222 euru
1200 2172 1292 2238 Burm.

190 2239 1058 2363 remitteretisretinnit.
1085 2235 1291 2351 nausiet:

210 2367 333 2418 uorisara
346 2367 438 2416 dolebat
449 2366 614 2430 junguntur?
630 2366 717 2417 Bam.
746 2368 805 2415 Post
819 2367 862 2416 lae
877 2365 974 2416 Dresd.
992 2367 1070 2414 ‘Post
1087 2365 1137 2414 lter
1150 2365 1247 2429 legitur
1262 2365 1291 2415 in

218 2431 319 2495 rening.
340 2432 424 2493 Neap.
441 2437 469 2479 et
488 2430 588 2480 dnobus
605 2429 661 2478 aliis
681 2445 724 2494 ap.
742 2430 831 2480 Burm.
847 2430 943 2492 [Quem
956 2437 1041 2480 tamen
1060 2429 1111 2479 rid.
1130 2427 1203 2492 sup]
1229 2429 1290 2480 Hoc

190 2493 1291 2610 ”hirtiiitt”tlrtltlstllfl‘c'lttllibitis-:li“iletre

189 2573 256 2674 {hori
267 2575 447 2688 duobusneqqq.
459 2623 674 2686 postponendum,
684 2623 794 2687 margini
803 2623 959 2686 exemplaris
968 2623 1007 2671 sui
1022 2593 1088 2672 aseri
1108 2629 1179 2670 serat
1190 2622 1288 2672 Mariti.

191 2693 219 2736 et
233 2688 271 2737 lta
282 2688 420 2752 judicabat
435 2688 569 2738 Schrader.
582 2701 614 2738 tr.
630 2687 698 2737 Obs.
707 2691 731 2736 t.
749 2702 774 2750 p.
787 2686 852 2736 lot!
866 2687 951 2736 Baras.
984 2686 1062 2736 ‘Hae
1098 2691 1139 2736 tst.
1151 2699 1201 2735 nou
1213 2700 1258 2734 suo
1271 2687 1288 2736 Ι.

189 2751 250 2814 legi,
260 2760 333 2802 certa
345 2766 386 2800 res
397 2759 454 2802 est:
472 2750 517 2801 sed
528 2751 595 2800 malo
607 2758 667 2814 post
678 2751 740 2799 illuri
757 2751 818 2814 poni
831 2751 839 2777 ⁴
852 2749 977 2815 conjugis
991 2748 1113 2800 Eudae-¹
1141 2749 1208 2800 Nam
1220 2749 1287 2800 verl-

188 2815 272 2865 simile
281 2824 321 2866 est
331 2830 446 2865 errorem
458 2823 545 2865 natum
557 2829 616 2864 esse
627 2829 660 2864 ex
671 2813 747 2862 simili
757 2821 976 2877 pentametrornm
988 2815 1069 2876 esitrr,
1078 2815 1086 2842 ⁸
1095 2812 1211 2876 latiale:
1221 2813 1229 2841 ¹
1241 2828 1289 2877 pu·

189 2877 306 2929 dicitius?
338 2879 388 2930 Sed
407 2887 435 2929 et
455 2879 587 2929 ‘umores'
604 2879 642 2928 ita
662 2879 760 2940 majore
782 2878 918 2928 intervallo
939 2879 971 2928 ab
992 2877 1109 2928 'amore’
1132 2876 1288 2927 distabunt-¹

188 2942 285 2995 habu.
310 2941 456 3007 Aipiisiboea
483 2943 555 2994 Brix.
578 2945 673 2992 venet.
696 2946 835 2994 litim-18
857 2943 1006 3008 Hypsipiyle
1029 2942 1101 2992 liris.
1123 2942 1287 2994 venete-10

685 3108 792 3161 NO'I'AE

222 3223 251 3269 15
269 3221 417 3284 Alphesiboea
425 3237 479 3272 seor
491 3221 597 3284 fraires]
615 3220 716 3285 Alphe·
757 3221 931 3273 obtruncasse
960 3219 1012 3272 Seri
1025 3217 1068 3270 alli
1079 3231 1132 3268 rem
1143 3219 1286 3285 aliterges-

187 3293 269 3344 sihoea
287 3295 341 3347 filia
362 3297 411 3347 init
431 3297 540 3360 Phegei,
559 3313 636 3361 quant
656 3297 716 3348 Alc·
757 3303 810 3347 tam
838 3304 952 3360 narrant,
971 3296 1120 3361 factumque
1140 3295 1191 3346 hoc
1207 3297 1285 3348 Cslll·

187 3383 283 3432 maeon,
293 3371 388 3422 donato
400 3373 498 3435 monili,
509 3372 576 3437 quod
589 3373 665 3422 matri
682 3373 716 3422 E·
757 3372 832 3423 rho'e‘s
844 3373 903 3424 filiis
915 3373 1058 3424 ascribunt.

187 3444 297 3508 ripbylae
318 3447 478 3510 detraxerat,
497 3461 604 3497 uxorem
624 3448 714 3508 dorin
790 3451 820 3497 tr
838 3447 985 3510 AEsosidest]
1001 3448 1083 3500 Jasou
1093 3444 1285 3500 dietusestAE·

187 3521 234 3570 sed
256 3528 359 3584 postea,
379 3523 461 3586 ipsam
482 3522 615 3572 Alemaeon
638 3524 715 3573 relin·
755 3522 858 3574 sonides
869 3524 902 3574 ab
914 3523 1008 3574 AEsane
1020 3531 1105 3587 patre.

185 3596 714 3661 paens,CalllrhoiinAehelolfiliamseee-
788 3605 818 3651 te
838 3599 985 3664 Hypsipyle]
1006 3599 1131 3650 lbosntls
1148 3597 1211 3663 fllia,
1231 3601 1285 3650 sola

185 3671 226 3735 pit
237 3671 262 3720 in
270 3685 390 3732 rtsorem3
403 3674 445 3722 rui
454 3681 483 3721 nt
493 3686 591 3722 morem
600 3679 713 3736 gereret,
754 3673 916 3726 faeminarum
928 3675 1089 3725 lemniarum
1101 3680 1203 3740 patrem
1212 3676 1284 3726 ineo·

185 3745 266 3797 rediit
282 3743 315 3797 all
334 3747 537 3812 Alphesiboesm,
560 3756 590 3798 ut
608 3747 713 3813 abipsa
753 3751 848 3800 lumem
867 3750 1063 3813 serenitatim
1074 3751 1181 3816 reliqua
1193 3764 1282 3801 ornnes
1306 3744 1314 3760 ‘

184 3821 287 3886 monile,
306 3837 357 3888 qua
376 3821 410 3873 ab
429 3823 484 3886 ipso
504 3823 602 3872 donata
616 3821 712 3886 iuerat,
754 3839 786 3874 ex
804 3827 934 3876 communi
956 3827 1086 3876 sententia
1105 3826 1184 3888 viros,
1203 3831 1283 3890 atque

183 3897 331 3962 reciperet,
358 3899 524 3963 quemobrem
552 3897 710 3957 airatribas
753 3902 831 3950 etism
854 3907 987 3965 cognatos,
1007 3908 1035 3952 et
1057 3904 1179 3966 parentes
1201 3900 1282 3952 stiaur

182 3971 358 4037 Alphsslboeru
371 3975 473 4025 occisas
484 3979 534 4024 est.
566 3974 644 4026 Quod
655 3973 711 4039 qul·
751 3976 908 4028 accidissent
919 3993 928 4040 ς
941 3991 1049 4043 eumque
1061 3983 1130 4027 esset
1140 3976 1231 4041 regius
1241 3977 1285 4028 ln·

181 4049 241 4097 dero
254 4047 350 4098 laetum
366 4049 542 4100 molestissime
559 4048 655 4114 ferens,
666 4049 711 4100 nt·
750 4051 813 4100 sula
824 4050 1059 4113 nemausensem
1075 4065 1134 4100 eum
1144 4048 1283 4112 Argonau-

181 4123 313 4186 phesibrea
334 4124 491 4174 Alcmeonis
518 4133 627 4174 mortem
654 4127 710 4176 ulta
750 4127 785 4177 tis
806 4128 839 4177 ad
862 4130 944 4178 vellus
965 4143 1071 4179 aureum
1095 4128 1283 4191 asportandum

181 4196 276 4249 (licitur
287 4213 307 4278 a!
313 4198 462 4265 Propertio,
476 4198 622 4266 fratresque
638 4201 708 4266 ipsos
748 4212 930 4268 properantem
941 4204 1054 4270 hospitio
1062 4205 1228 4271 thalamoque
1239 4220 1284 4255 es·
