2892 4766
532 311 603 362 nra.
625 311 666 360 ιι.
689 312 797 362 unna.
816 297 871 362 tt.

156 451 233 518 Hoo
246 461 320 520 erat
333 455 367 520 in
380 454 497 540 primis
509 454 602 539 quod
616 455 827 546 mergaudere
837 455 1006 540 jubebasi

194 553 280 620 Tum
293 563 326 622 te
341 557 518 622 formosam
529 577 593 621 uon
608 558 714 641 pudet
728 577 805 623 esse
816 558 947 622 ievemi

155 653 231 719 Una
245 661 305 720 ant
318 656 422 724 altera
434 675 503 722 nox
517 657 661 723 nondum
676 664 729 722 est
744 658 777 722 in
792 677 904 723 amore
919 665 1068 742 peracta,

194 754 238 818 Et
251 755 345 821 dicor
358 758 448 822 lento
457 757 530 840 jum
540 759 652 840 grauis
666 777 743 824 esee
760 766 827 824 hro.
1202 762 1245 826 20

153 853 211 919 Me
226 857 329 921 modo
344 857 516 935 laudabas,
529 865 564 922 nt
578 859 725 924 carmina
739 867 855 926 nostra
868 860 1014 943 legebas.

192 955 253 1020 Ilia
267 965 344 1022 tuas
354 978 482 1042 pennas
497 965 566 1026 tarn
579 961 646 1024 cito
662 960 760 1025 vertit
772 962 887 1026 umori

150 1055 340 1142 Contendat
353 1079 482 1125 menum
497 1061 640 1142 ingenio,
656 1060 837 1126 contendat
847 1069 883 1128 et
897 1069 984 1142 arte;

151 1183 154 1192 ¹
190 1158 230 1222 In
245 1159 361 1241 primis
375 1180 440 1224 una
453 1161 563 1227 discat
577 1182 688 1228 amare
703 1164 822 1228 domo:

147 1259 185 1324 Si
198 1257 329 1325 libitum
345 1261 404 1325 tibi
421 1263 491 1340 erit,
506 1263 664 1329 [emmae
679 1271 806 1348 pugnet
820 1265 863 1329 ad
877 1264 1012 1348 hydrae,
1198 1266 1242 1330 25

189 1359 233 1424 Et
247 1359 308 1424 tibi
324 1361 368 1425 ab
383 1361 555 1447 Hesperio
569 1365 660 1432 maia
674 1365 818 1430 dracone
831 1365 940 1430 ierat:

145 1521 256 1575 munst
270 1525 501 1578 mmhethe
511 1525 940 1593 tamutuuaearatautpatctmrtti
958 1530 1063 1580 Needast
1074 1531 1238 1581 nummati

145 1589 220 1638 attera
230 1603 278 1638 auu
287 1591 314 1639 ta
331 1605 409 1640 assere
419 1597 461 1640 tao
471 1597 555 1642 muta
566 1600 611 1656 eat,
622 1595 720 1659 jotapae
730 1595 795 1644 ditur
804 1595 913 1644 m
923 1607 972 1643 east
982 1599 1022 1642 tat
1032 1598 1092 1642 toro.
1124 1595 1163 1642 'i'u
1181 1608 1238 1644 arou

143 1653 426 1718 ahadthuaefferetua,
564 1660 735 1722 armatepetee.
770 1658 1237 1722 Tausuearaura'ttaadeorepeuteauaa

144 1717 194 1764 aiat
210 1717 323 1767 dum
339 1719 472 1771 maneth?
519 1723 603 1784 aptatu
620 1737 711 1773 maru
728 1737 757 1772 ne
773 1722 893 1772 dedaste-iu
909 1725 1022 1782 dmertet,
1037 1735 1067 1771 ae
1086 1726 1141 1773 nait
1159 1723 1237 1772 oasa

136 1781 507 1836 nteoaamaetmtaum.
540 1785 569 1834 ut
586 1799 647 1837 vero
666 1787 711 1836 ta'bt
725 1786 850 1851 ptoeaerffl
866 1787 898 1835 ad
914 1786 1238 1851 hpdmtaemaudt'su'uet,

598 1895 780 1916 mo

144 1955 277 2006 Heinaiau.
301 1957 337 2006 Et
354 1958 402 2008 hon
413 1959 518 2009 damnat
529 1961 681 2010 Burun-l'i
701 1958 771 2010 Hine
789 1959 925 2010 ordinatur
940 1973 1032 2009 noram
1043 1960 1084 2010 Ei.
1102 1960 1236 2010 Bronkbu·

142 2021 202 2078 sins,
221 2021 311 2070 Burm.
329 2029 357 2070 et
373 2023 476 2073 Lucium.
502 2026 510 2052 ⁶
531 2023 595 2072 Hae,
613 2037 714 2088 qnoque
734 2021 782 2074 ut!
796 2025 833 2074 ait
853 2025 940 2073 Burm.
958 2023 1004 2072 ‘in
1022 2024 1109 2072 eruitis
1127 2025 1190 2074 Mar.
1207 2031 1236 2074 et

141 2083 253 2147 antiquis
276 2083 336 2134 edd.
359 2087 523 2136 connectitur
536 2101 594 2137 num
609 2087 735 2148 superiori
755 2095 814 2151 puat
832 2101 868 2138 ua.
886 2091 927 2136 dt.
952 2086 1104 2198 Hsenuudum
1122 2087 1235 2137 cainnioa

140 2147 302 2211 Burmanni]
328 2149 445 2199 Piurimrt
463 2151 530 2200 enim
550 2153 575 2200 in
594 2151 632 2200 itia
650 2158 678 2199 et
694 2151 830 2202 suteoedd.
847 2153 923 2215 louge
942 2151 991 2200 aio
1008 2151 1061 2200 iiiin
1080 2151 1235 2200 exhibentur

141 2211 240 2274 ordine,
258 2219 395 2277 autequam
412 2214 532 2278 §catiger
543 2229 574 2264 eo
593 2213 679 2274 motin,
690 2229 741 2278 quo
758 2229 826 2264 nuuc
837 2216 969 2279 leguntur,
980 2228 1011 2264 ea
1031 2221 1236 2278 transposuerat.

140 2276 192 2326 Sed
212 2276 317 2325 nimium
336 2284 422 2328 tamen
436 2279 485 2328 sibi
504 2279 529 2328 in
548 2279 587 2328 hia
605 2277 753 2340 digerendis
763 2279 897 2328 indutriase
914 2280 995 2328 uirum
1012 2278 1148 2328 maximnm
1159 2287 1234 2329 notat

140 2339 347 2390 Herntterhnaius
358 2341 390 2391 ad
410 2343 434 2390 h.
454 2341 505 2392 Ei!
530 2343 606 2393 ‘Hoc
618 2341 657 2392 C!
675 2341 713 2390 ait
731 2341 836 2396 hoium.
863 2342 940 2408 ‘quin
951 2341 1091 2405 scarnen
1108 2344 1234 2406 superiori

139 2405 305 2467 separaverit,
327 2419 392 2455 unna
410 2406 528 2471 Vnipiut‚
547 2405 666 2456 nedicunt
678 2407 842 2470 mancipium,
858 2405 1006 2457 dubitavit!
1032 2406 1157 2455 Ordinem
1170 2407 1235 2457 liui-

138 2469 218 2517 uoetia
240 2467 338 2518 retinet
357 2470 447 2520 Barth.
484 2471 605 2521 ceterum
625 2470 730 2520 damnat
749 2472 837 2520 iturm.
857 2471 914 2532 erit,
931 2471 1000 2536 qnod
1020 2468 1126 2534 prret'ert
1146 2471 1232 2534 Neap.

142 2531 241 2582 Videbat
249 2531 346 2584 Guarn.
354 2534 435 2598 Regg.
445 2534 520 2584 Laid.
528 2538 553 2584 ².
570 2534 644 2584 Voss.
656 2539 680 2584 t.
694 2534 775 2584 Duru.
784 2540 808 2584 l.
821 2537 941 2584 Burm.2.
953 2543 981 2584 et
989 2549 1027 2618 pr.
1039 2534 1165 2583 ena-te
1174 2536 1232 2584 Jura

137 2595 226 2646 Burm.
240 2601 264 2648 1.
288 2597 352 2646 Nam
361 2613 386 2662 p·
397 2599 507 2648 Mentei.
531 2599 590 2647 Tam
606 2597 779 2660 conjungenti.
797 2611 855 2647 euru
878 2600 992 2658 ‘terena
1013 2598 1074 2661 qnia
1085 2597 1231 2660 scripsisset

137 2659 235 2710 Auctor
248 2661 280 2711 ib
295 2665 353 2722 taur,
369 2675 419 2712 uon
439 2663 498 2712 Tura
513 2667 545 2724 te,
561 2669 696 2712 notarerat
713 2661 808 2712 Marti.
843 2661 901 2710 i'ara
920 2661 952 2710 ad
975 2667 1113 2723 utrumqne
1137 2659 1230 2710 referri

137 2737 212 2786 posse
233 2725 632 2775 obseruauitPasseratins.-·19
656 2725 770 2774 Naadara
788 2724 876 2774 Burm.
898 2729 922 2774 ².
959 2723 1061 2774 vurta
1077 2723 1151 2773 Peru.
1168 2739 1194 2774 r.
1205 2737 1229 2774 n.

136 2787 221 2838 Color.
233 2789 293 2842 Vnt.
302 2794 332 2837 ,1.
343 2793 368 2838 h.
395 2791 486 2839 Parate
503 2789 560 2840 rod.
578 2788 729 2838 Palatinus:
754 2789 823 2838 unde
839 2787 922 2838 Gebb.
945 2793 1041 2850 patrato
1060 2787 1128 2850 conj.
1159 2787 1230 2840 Quid

135 2865 198 2914 opus
216 2860 283 2915 erut,
303 2854 340 2904 ait
359 2853 448 2904 Burru.
466 2855 507 2904 hie
526 2853 658 2903 intrudere
675 2851 778 2902 rerburu
796 2853 1026 2902 obscurarunt-ao
1044 2851 1138 2913 Pergrt
1155 2851 1228 2902 Bria.

137 2915 170 2964 ut
183 2916 223 2981 ty.
238 2917 315 2968 von.
331 2920 355 2969 t.
372 2919 453 2968 Dore.
466 2920 488 2968 1.
505 2917 642 2967 Ademit.
653 2932 669 2966 a
681 2931 715 2966 m.
726 2927 765 2980 pr.
781 2917 894 2967 Damnat
910 2918 999 2966 Burm.
1012 2915 1101 2965 unm
1120 2917 1153 2965 ad
1167 2929 1230 2980 mus,

630 3059 735 3112 Now

167 3173 198 3220 te
216 3169 349 3222 uma
359 3185 407 3219 ana
419 3169 492 3234 perdet
507 3183 557 3219 esre
576 3169 660 3232 meur]
699 3165 828 3216 floandatu
837 3179 959 3214 summam
971 3164 1152 3216 aeternitatem.

135 3246 313 3296 Formoaitstis
325 3261 426 3309 semper
437 3245 487 3297 fuir
499 3260 585 3296 comes
597 3246 658 3296 ievi·
730 3249 763 3295 20
780 3244 897 3308 Hesperie
919 3241 1031 3305 drotum]
1067 3240 1225 3305 Hesperides

134 3329 174 3372 tas
186 3329 213 3372 et
223 3320 406 3386 inconstantia,
424 3329 453 3371 ut
463 3321 659 3386 ridimnssnpra
698 3319 791 3384 puelia
814 3317 936 3368 dicuutur
958 3317 984 3367 iu
1005 3315 1086 3380 Libya
1106 3315 1225 3368 habuitne

133 3397 208 3458 areg.
225 3401 264 3446 itt.
280 3397 428 3446 ‘Formnaia
448 3397 538 3447 levitae
557 3411 659 3462 temper
699 3410 788 3446 nemus
800 3392 938 3445 auriferum
946 3393 1039 3457 evigili
1047 3393 1159 3444 dracoue
1171 3409 1225 3444 ser·

132 3469 299 3522 amieafuit!
699 3478 795 3532 vatum,
819 3483 895 3536 quent
917 3467 1066 3519 fabulantur
1083 3469 1225 3519 Herculem

136 3593 139 3598 .
162 3551 195 3596 th
209 3547 320 3596 unm
328 3550 416 3608 pugnet
426 3547 457 3594 ud
468 3544 580 3610 Hydrus]
596 3545 658 3596 Ler-
698 3547 758 3597 oiim
766 3545 939 3611 interfecisse,
950 3553 977 3596 et
988 3560 1065 3609 poma
1075 3559 1154 3594 aurea
1165 3545 1224 3596 iude

129 3620 225 3674 uafntt
243 3621 316 3686 paint
334 3623 360 3672 iu
377 3620 530 3687 Argiuorum
545 3622 658 3686 regione,
698 3623 731 3673 ad
759 3622 931 3687 Eurystheum
949 3621 1081 3671 detulisse.
1124 3621 1223 3670 Pituiua

130 3698 157 3747 iu
168 3713 219 3764 qna
230 3697 309 3748 fnisse
316 3695 465 3746 fabulantur
475 3696 584 3760 hydram
594 3697 659 3746 mni·
698 3707 784 3750 autern
795 3705 824 3748 et
833 3699 935 3748 soiiuut
946 3706 1051 3746 narrant
1060 3696 1148 3746 hortos
1160 3697 1224 3746 Hea-

130 3772 301 3837 ttacapitibua
315 3771 594 3836 inruriduioasm,etp'na
608 3787 658 3822 uuo
698 3774 816 3838 putidum
844 3787 922 3823 curru
950 3769 1115 3836 flexnornqne
1148 3773 1223 3822 maris

129 3848 244 3900 abteisro
260 3849 347 3914 eapite
374 3848 424 3898 tria
447 3847 656 3899 succrescebant.
697 3855 783 3899 meatu
802 3847 880 3898 fnisse
895 3848 1001 3906 cinctos,
1020 3847 1064 3911 qui
1082 3846 1223 3896 uisentibua

129 3925 259 3977 Hercules
270 3933 356 3976 autern
373 3923 469 3974 dieitur
488 3939 545 3974 eam
561 3923 656 3974 iutere-
697 3926 787 3989 procui
806 3923 926 3973 draconta
941 3921 1075 3986 prebebat
1102 3921 1223 3986 speciem,

127 4000 212 4052 mine.
245 4001 344 4050 Vicinus
369 4013 446 4063 porro
472 3999 571 4062 regioni
588 3999 655 4050 aden
695 3999 764 4049 uude
772 3999 909 4048 dmeoueut
920 3996 1035 4047 custodit
1052 3997 1132 4046 instar
1143 3996 1222 4047 fuisse

128 4083 187 4125 erat
197 4074 303 4137 iusum,
324 4082 353 4124 ut
364 4074 423 4124 iude
431 4074 538 4124 ductum
550 4075 584 4124 tit
594 4089 656 4138 pro·
693 4075 907 4137 interpretantur.
920 4072 1060 4136 Hesperius
1069 4078 1154 4124 antem
1162 4074 1222 4125 dra·

128 4146 245 4202 aerhiuuu
260 4151 363 4202 ‘iterna
373 4149 514 4214 maiorum,'
530 4150 563 4205 ati
577 4150 653 4216 signi·
694 4165 726 4202 co
735 4149 831 4200 dicitur
846 4147 878 4200 ab
888 4147 1088 4213 Hesperidibus,
1098 4165 1156 4216 qua
1168 4159 1220 4202 tres
