2920 4770
300 318 533 369 rnsrruosrr
561 321 607 370 su
629 322 788 372 sunium
813 325 861 372 nn
884 324 1107 378 ruornnrro.
1211 313 1255 378 dd

242 460 420 544 Virgilium
435 461 504 526 vidi
517 467 661 528 tantum:
682 482 745 530 nec
760 483 864 530 avara
876 465 1013 544 Tibullo

285 562 436 646 Tempus
449 563 606 630 amicitiae
617 563 690 629 fata
700 564 819 630 dedere
832 586 929 632 maae.

242 664 428 728 Successor
437 664 498 730 fuit
510 665 566 731 bie
578 667 652 744 tibi,
667 666 776 744 Galla,
792 667 990 752 Propertius
1003 669 1073 734 illi:
1302 667 1309 676 ’

284 765 434 844 Quartus
449 768 493 831 ab
506 769 572 845 bis,
587 769 672 834 serie
687 769 858 854 temporis,
873 771 948 853 ipsa
961 770 1019 836 lui.
1197 773 1200 782 ’

550 901 648 1016 ruem
661 951 762 1018 urst.
779 969 813 1016 v.
826 953 856 1016 1.

240 1067 363 1152 Aptior
374 1070 451 1135 huic
467 1069 599 1145 Gallus,
612 1069 794 1152 blandique
809 1068 1007 1152 Propertius
1021 1068 1103 1146 oris,

280 1168 406 1254 Aptior
419 1170 586 1254 ingenium
600 1189 698 1236 coma
711 1171 868 1236 Tibullus
883 1171 954 1236 erit.
1024 1203 1027 1208 ·

330 1351 379 1418 M.
393 1351 519 1416 Fabius
532 1350 764 1431 Quintilianus
773 1352 881 1417 Instit.
897 1352 988 1417 Orat
999 1368 1038 1417 x.
1050 1351 1080 1416 1.

199 1471 317 1554 Elegia
339 1469 482 1535 Graecos
502 1483 638 1552 quoque
653 1489 897 1553 provocamus3
921 1469 1021 1552 cujus
1045 1469 1127 1536 mibi
1145 1476 1253 1538 tarsus

157 1577 258 1655 atqua
277 1571 415 1652 elegans
439 1571 585 1634 maxime
600 1571 733 1635 videtur
748 1577 865 1636 auctor
882 1569 1046 1635 Tibullus.
1091 1569 1175 1634 Sunt
1194 1571 1255 1655 qui

157 1673 371 1841 :ffiffirsn
384 1672 508 1738 malint
553 1671 698 1737 Ovidius
721 1679 862 1781 utroque
884 1672 1063 1815 lascivior:
1085 1671 1254 1820 sicutdu-

361 1956 411 2022 Μ.
426 1955 769 2022 valenensem
785 1955 896 2039 Epigr.
914 1917 993 2019 nu.
1007 1954 1060 2020 rs.

245 2089 389 2175 Cynthia
402 2096 436 2154 ta
450 2096 563 2154 vatem
577 2088 668 2165 lecit,
683 2089 810 2153 lasciva
825 2087 995 2171 Properti:

274 2179 276 2184 ⁸
287 2192 463 2275 Ingenium
476 2190 568 2256 Galli
580 2190 719 2274 pnlcbra
731 2189 872 2274 Lycoris
886 2197 966 2254 erat.

246 2294 353 2358 Fama
367 2298 421 2357 est
433 2294 540 2376 arguti
555 2291 712 2356 Nemesis
725 2291 872 2356 formosa
884 2291 1023 2356 Tibulli:

287 2393 412 2457 Lesbia
425 2393 578 2470 dictavit,
594 2392 693 2458 docte
707 2391 852 2470 Catulle,
867 2391 940 2456 tibi.
988 2395 990 2400 ’

503 2574 599 2639 Idem
613 2573 724 2659 Epigr.
741 2589 822 2638 ΣΝ.
836 2573 911 2640 189.

246 2689 404 2774 Cynthia,
419 2689 554 2756 facundi
568 2710 704 2757 carmen
714 2689 861 2774 juvenile
875 2689 1039 2774 Properti,

290 2792 433 2875 Accepit
447 2792 580 2871 lamam,
595 2811 657 2856 nec
672 2792 781 2856 miuus
793 2791 870 2875 ipsa
883 2789 982 2855 dedit

421 2931 462 3041 P.
477 2975 643 3060 Papinius
658 2975 786 3041 Statius
802 2973 894 3057 Sylv.
911 2989 935 3036 ι.
950 2973 982 3038 2
1010 2934 1013 2940 ¹

620 3173 621 3176 Ἴ
798 3089 888 3155 Date
903 3090 1052 3154 carmina
1064 3089 1160 3154 sestis

248 3193 361 3278 Digna
374 3195 468 3259 toris.
491 3192 593 3259 Hunc
603 3192 678 3277 ipse
692 3190 794 3256 choro
810 3190 991 3274 plaudente
1006 3189 1168 3266 Philetas,
1225 3223 1237 3246 .

248 3295 537 3378 Callimachusque
552 3313 668 3370 senex,
682 3292 881 3376 Umbroque
896 3291 1090 3375 Propertius
1100 3297 1199 3356 'antro

249 3395 443 3462 Ambissent
454 3396 590 3462 laudare
606 3394 708 3473 diem,
723 3412 785 3458 nec
802 3394 955 3458 tristisin
968 3393 1055 3476 ipsis

248 3497 348 3564 Naso
361 3498 491 3575 Tomis,
504 3497 661 3580 divesque
674 3494 753 3559 loco
768 3496 900 3559 lucente
914 3494 1081 3560 Tibullus.
1158 3551 1160 3556 ,

306 3683 345 3750 G.
360 3684 491 3750 Plinius
507 3682 665 3748 Caecilius
679 3633 868 3757 Secundus,
880 3677 988 3762 Epist
998 3694 1048 3743 vt.
1059 3628 1113 3743 15.
1141 3709 1143 3712 ·
1226 3739 1231 3750 ,

206 3818 392 3885 Passienus
407 3817 561 3895 Paullus,
575 3814 769 3900 splendidus
784 3833 884 3898 eques
899 3811 1087 3890 Romanus,
1107 3816 1142 3874 et
1155 3810 1258 3893 inpri-

162 3921 227 3986 mis
241 3916 401 4000 eruditns,
415 3920 531 3984 scribit
543 3917 676 4002 Elegos.
707 3916 919 3982 Gentilitium
932 3912 999 3977 lroc
1011 3911 1080 3976 illi:
1102 3916 1154 3976 est
1168 3912 1257 3976 enim

162 4022 340 4114 municeps
355 4021 534 4105 Propertii,
550 4027 651 4107 atque
666 4013 778 4084 'etium
793 4019 877 4081 inter
899 4011 1043 4098 majores
1064 4028 1146 4078 suos
1172 4012 1257 4078 Pro-

160 4123 306 4206 partium
319 4129 477 4191 numerat·
560 4165 563 4172 »
638 4135 653 4142 ”
1083 4147 1086 4154 ·
