2920 4770
209 343 254 414 22
660 354 866 407 ranarum.

210 501 286 574 eod.
302 502 531 588 Neapolitano
545 499 654 566 afferri
667 506 773 578 notat,
784 499 820 565 id
834 498 947 584 ipsum
961 515 1015 568 me
1029 495 1190 564 innostro
1205 495 1310 562 Guel-

205 608 380 692 rerbytano
395 605 516 687 legisse
531 601 696 688 profiteor.

250 707 402 774 Tertium
424 705 539 769 locum
563 704 640 788 jure
668 699 815 767 vindicat
837 699 902 765 sibi
927 698 1039 766 codex
1065 697 1308 778 Mentelianus,

207 811 493 886 membranaceus,
512 807 548 871 in
573 803 675 870 Italia
693 807 864 880 exaratus,
889 801 986 885 cujus
1009 799 1205 865 vadentem
1220 799 1308 864 Bur·

207 930 350 977 mannus
364 910 419 975 bis
434 929 457 974 a
471 927 508 972 se
528 907 608 991 poni
621 925 691 972 non
704 902 948 980 animadvertit,
965 900 1161 968 Menteliani
1175 900 1310 964 nomine

208 1033 231 1077 a
245 1012 291 1078 N.
311 1011 457 1077 Heinsio
469 1009 596 1086 collati,
611 1013 646 1074 et
661 1005 836 1072 Leidensis
847 1005 947 1089 primi
958 1023 980 1068 a
995 1003 1035 1068 F.
1050 1001 1307 1086 Oudendorpio:

208 1129 399 1197 quanquam
411 1111 499 1176 hunc
511 1109 706 1175 Leidensem
719 1106 754 1172 J.
769 1106 919 1172 Mentelii
940 1105 1021 1170 olim
1039 1103 1157 1182 fuisse,
1171 1121 1213 1167 ne
1227 1101 1309 1186 quid

207 1213 351 1291 dubites,
361 1207 604 1296 ipse'narratin
614 1209 714 1275 Praei.
729 1207 889 1273 Sentenii.
909 1204 1032 1290 Neque
1047 1206 1134 1270 alius
1148 1203 1307 1270 Francia·

207 1333 271 1380 nus
285 1313 453 1380 sccundus
468 1318 533 1392 est,
548 1332 570 1377 a
585 1308 802 1376 Broukhusio
824 1307 1006 1385 adhibitus,
1021 1307 1081 1390 qni
1096 1311 1131 1371 et
1145 1310 1156 1340 ‘
1169 1306 1307 1371 suorum

207 1413 366 1482 ulterum'
380 1415 539 1499 appellat,
563 1433 585 1478 a
605 1411 816 1478 Menteliano
839 1429 908 1476 non
931 1410 1102 1475 diversum
1121 1426 1308 1491 agnoscens

207 1516 252 1584 ad
267 1538 301 1601 p.
316 1516 394 1584 238.
439 1514 593 1583 Getarum
617 1513 678 1580 illa
702 1531 757 1578 res
780 1512 1006 1577 Burmannum
1024 1507 1197 1594 Propertii
1215 1510 1307 1575 bono

205 1619 312 1696 latuit,
326 1617 596 1703 quandoquidem
607 1611 718 1693 nunc,
741 1634 818 1680 cum
828 1687 829 1691 Ἰ
840 1613 952 1679 codex
967 1618 1016 1678 ter
1029 1612 1174 1678 collatus
1188 1612 1244 1690 sit,
1266 1611 1309 1676 de

205 1719 279 1802 ejus
300 1720 392 1785 loett.
413 1722 523 1784 minus
545 1717 696 1784 dubitare
722 1735 914 1801 possumus,
937 1733 1130 1799 quanquam
1155 1713 1307 1797 singulos

206 1821 387 1888 oscitantia
398 1821 528 1904 saepius
541 1838 670 1886 errasse
688 1819 1050 1903 nunesatisappareet.
1087 1815 1158 1882 Hic
1175 1815 1307 1882 Mente·

205 1922 325 2001 liunus,
341 1921 479 1988 Heinsii
489 1920 619 2007 judicio
633 1924 777 1988 omnium
799 1921 957 1988 librorum
974 1918 1059 1985 Mss.
1074 1919 1232 2004 optimus,
1246 1919 1307 2002 qui

205 2021 421 2096 Broukhnsio
442 2043 518 2088 eam
542 2021 766 2101 statement
792 2020 1059 2106 Neapolitanum
1072 2021 1308 2105 ascripsimus,

205 2124 304 2190 facile
317 2125 477 2190 excedere
499 2123 641 2203 videtur,
664 2132 719 2191 est
732 2143 811 2191 sane
825 2124 935 2189 bonus
949 2123 1072 2203 codex,
1093 2129 1241 2188 ceterum
1261 2123 1308 2187 ab

204 2225 363 2310 imperito
377 2226 515 2292 librario
528 2226 817 2310 negligentissime
834 2226 990 2310 scriptus.

249 2325 348 2392 Idem
361 2327 555 2413 judicamus
570 2329 613 2395 de
635 2329 803 2396 Palatinis
826 2328 967 2406 duobus,
992 2324 1168 2392 chartaceo
1186 2325 1306 2405 altero,

204 2428 310 2494 altero
332 2430 596 2508 membranaceo,
614 2431 657 2496 ab
681 2429 714 2496 J.
729 2427 908 2497 Gebhardo
930 2427 1081 2509 collatis3
1106 2445 1203 2512 quos,
1227 2447 1306 2492 cum

204 2529 397 2614 interpolati
432 2550 498 2596 non
528 2530 608 2610 sint,
637 2531 799 2610 omnium,
829 2530 888 2616 qui
913 2535 1045 2608 extant,
1070 2527 1308 2596 vitiosissimos

204 2631 361 2710 dicerem,
383 2633 450 2698 nisi
470 2633 545 2716 pari
569 2633 647 2700 loco
672 2633 741 2698 duo
764 2632 824 2700 alii
845 2629 991 2696 habendi
1020 2635 1141 2708 essent,
1164 2649 1304 2713 quorum

202 2731 396 2796 varietatem
418 2731 452 2798 J.
477 2732 517 2798 Α.
536 2731 685 2819 Vulpius
707 2734 817 2798 minus
842 2738 1001 2798 accurate
1033 2731 1194 2809 enotavit,
1220 2730 1305 2794 alter

203 2827 428 2898 Bononiensis
450 2833 659 2914 chartaceus,
681 2834 934 2901 Guarnerianus
953 2829 1040 2897 alter
1052 2833 1089 2898 in
1110 2833 1305 2898 membrana

202 2933 330 2998 saeculo
347 2949 413 2997 xv.
427 2935 671 3018 elegantissime
686 2936 848 3020 scriptus.

245 3033 376 3099 Praeter
389 3043 518 3120 septem
532 3035 646 3116 hosce,
659 3037 743 3104 nihil
757 3038 838 3104 mali
854 3059 877 3106 a
895 3046 1119 3108 correctorum
1135 3035 1303 3120 Italorum

201 3136 391 3202 temeritate
404 3157 538 3220 passos,
557 3159 646 3206 unns
672 3147 950 3210 commemoratur
971 3139 1170 3208 Bernardini
1189 3137 1303 3205 Valla)

197 3237 285 3301 liber
313 3238 571 3322 antiquissimus,
600 3242 696 3324 cujus
723 3244 908 3328 scripturas
936 3263 1071 3322 omnes,
1095 3261 1183 3326 quas
1210 3260 1232 3306 a
1261 3238 1302 3304 F.

202 3336 331 3402 Paccio
346 3358 434 3403 anno
448 3340 546 3406 1502.
568 3348 743 3410 annotatas
756 3345 905 3426 haberet,
920 3346 951 3411 si
966 3347 1170 3413 Laurentius
1183 3343 1303 3408 Saute·

200 3438 279 3502 nius
303 3457 468 3522 apponere
490 3443 662 3522 voluisset,
679 3444 769 3510 haud
791 3447 895 3530 paulo
918 3449 1055 3526 rectius,
1075 3446 1111 3510 ni
1129 3442 1241 3524 fallor,
1259 3443 1302 3508 de

199 3540 379 3618 multarum
399 3541 489 3607 lectt
512 3542 602 3610 sonte
624 3551 658 3610 et
678 3546 806 3630 origine
815 3546 969 3631 judicare
982 3565 1177 3632 possemus;
1199 3563 1303 3631 quan·

201 3661 302 3734 quam
316 3641 470 3706 cautione
491 3644 545 3710 rel
566 3645 602 3708 in
626 3646 680 3711 his
702 3646 744 3711 F.
761 3646 883 3713 Paccii
897 3645 1078 3734 Excerptis
1101 3645 1303 3712 adhibendis

200 3763 287 3829 opus
301 3744 380 3824 erit3
403 3764 502 3828 quem
522 3746 629 3811 multa
650 3746 693 3813 de
715 3747 910 3831 conjectura
928 3768 1007 3815 cum
1022 3768 1085 3814 sua
1108 3751 1178 3813 tum
1193 3747 1303 3813 aliena

199 3848 394 3927 reposuisse
409 3865 477 3910 non
491 3847 657 3930 suspicor,
672 3848 732 3913 sed
747 3854 834 3914 certo
850 3851 933 3916 seio.
958 3849 992 3915 N
992 3869 1070 3929 unc,
1085 3869 1164 3914 oum
1179 3847 1307 3914 Puccii‘

200 3965 306 4030 opera
326 3948 424 4012 nobis
444 3946 622 4012 carendum
642 3953 742 4028 esset,
763 3949 826 4028 his,
846 3969 924 4034 quae
948 3968 994 4015 ex
1017 3949 1063 4015 Α.
1079 3948 1207 4014 Perreii
1230 3949 1301 4016 Ex-

199 4047 327 4130 cerptis
350 4053 518 4124 notantur,
547 4048 600 4113 usi
629 4067 759 4128 sumus,
787 4055 886 4115 caute
916 4059 1042 4130 tamen,
1068 4068 1146 4115 cum
1175 4054 1301 4134 prater

201 4145 318 4215 Paccii
339 4147 460 4216 librum
481 4148 568 4216 alios
590 4167 727 4236 quoqne
740 4169 867 4234 eosque
880 4169 947 4218 non
961 4151 1079 4220 leviter
1099 4152 1229 4235 passim
1251 4151 1301 4216 iu·
